成交时间,成交价格,价格变动,成交量,成交金额,性质
09:25:03,18.12,0.05,529,958548,买盘
09:30:03,18.12,0.0,959,1743233,买盘
09:30:06,18.14,0.02,144,260678,中性盘
09:30:09,18.13,-0.01,101,183517,卖盘
09:30:12,18.16,0.03,22,39982,中性盘
09:30:15,18.15,-0.01,80,145502,卖盘
09:30:18,18.26,0.11,384,699978,买盘
09:30:21,18.24,-0.02,444,811456,卖盘
09:30:24,18.23,-0.01,198,360922,卖盘
09:30:27,18.2,-0.03,95,173043,卖盘
09:30:30,18.22,0.02,60,109301,买盘
09:30:33,18.19,-0.03,276,502318,卖盘
09:30:36,18.19,0.0,3,5455,买盘
09:30:39,18.19,0.0,78,141780,买盘
09:30:42,18.15,-0.04,337,613135,卖盘
09:30:45,18.15,0.0,1,1815,买盘
09:30:48,18.14,-0.01,30,54426,卖盘
09:30:51,18.14,0.0,30,54420,买盘
09:30:54,18.15,0.01,44,79844,买盘
09:30:57,18.13,-0.02,174,315484,卖盘
09:31:00,18.14,0.01,66,119722,中性盘
09:31:03,18.14,0.0,69,125235,卖盘
09:31:06,18.15,0.01,52,94381,中性盘
09:31:09,18.1,-0.05,159,287957,卖盘
09:31:12,18.12,0.02,106,192064,买盘
09:31:15,18.11,-0.01,91,164848,卖盘
09:31:18,18.12,0.01,73,132181,买盘
09:31:24,18.11,-0.01,8,14489,卖盘
09:31:27,18.1,-0.01,128,231523,卖盘
09:31:30,18.08,-0.02,21,37968,卖盘
09:31:33,18.08,0.0,1,1808,买盘
09:31:36,18.08,0.0,2,3616,买盘
09:31:39,18.06,-0.02,151,272857,卖盘
09:31:42,18.07,0.01,17,30722,买盘
09:31:45,18.06,-0.01,76,137329,卖盘
09:31:48,18.06,0.0,45,81302,卖盘
09:31:51,18.06,0.0,65,117392,卖盘
09:31:54,18.07,0.01,3,5421,买盘
09:31:57,18.07,0.0,260,469666,买盘
09:32:00,18.06,-0.01,200,361205,卖盘
09:32:03,18.06,0.0,26,46980,卖盘
09:32:06,18.04,-0.02,256,462317,卖盘
09:32:12,18.06,0.02,64,115577,买盘
09:32:15,18.04,-0.02,13,23462,卖盘
09:32:18,18.04,0.0,487,877822,卖盘
09:32:21,18.04,0.0,44,79393,买盘
09:32:24,18.04,0.0,40,72177,买盘
09:32:27,18.02,-0.02,437,787514,卖盘
09:32:30,18.02,0.0,6,10812,买盘
09:32:33,18.02,0.0,95,171162,买盘
09:32:36,18.01,-0.01,25,45030,卖盘
09:32:39,18.02,0.01,60,108097,买盘
09:32:42,18.0,-0.02,184,331359,卖盘
09:32:45,18.02,0.02,271,488072,买盘
09:32:48,18.0,-0.02,170,306055,卖盘
09:32:51,18.01,0.01,65,117045,买盘
09:32:54,18.0,-0.01,29,52529,卖盘
09:32:57,18.01,0.01,159,286273,买盘
09:33:00,18.0,-0.01,170,305716,卖盘
09:33:03,18.01,0.01,75,135014,买盘
09:33:06,18.0,-0.01,73,131448,卖盘
09:33:09,18.0,0.0,182,327598,卖盘
09:33:12,17.98,-0.02,76,136658,卖盘
09:33:15,17.98,0.0,66,118718,卖盘
09:33:18,17.97,-0.01,72,129539,卖盘
09:33:21,17.98,0.01,38,68301,买盘
09:33:24,17.97,-0.01,63,113246,卖盘
09:33:27,17.97,0.0,144,258619,买盘
09:33:30,17.96,-0.01,93,166985,中性盘
09:33:33,17.96,0.0,82,147303,中性盘
09:33:36,17.95,-0.01,87,156085,中性盘
09:33:39,17.95,0.0,46,82544,买盘
09:33:42,17.94,-0.01,76,136377,卖盘
09:33:45,17.94,0.0,113,202610,买盘
09:33:48,17.94,0.0,209,374849,买盘
09:33:51,17.93,-0.01,105,188274,卖盘
09:33:54,17.94,0.01,605,1084906,买盘
09:33:57,17.93,-0.01,128,229598,卖盘
09:34:00,17.93,0.0,154,276122,卖盘
09:34:03,17.94,0.01,109,195488,买盘
09:34:06,17.92,-0.02,49,87824,卖盘
09:34:09,17.93,0.01,91,163167,买盘
09:34:12,17.92,-0.01,307,550260,卖盘
09:34:15,17.94,0.02,76,136286,买盘
09:34:18,17.93,-0.01,1035,1853703,卖盘
09:34:21,17.94,0.01,35,62757,买盘
09:34:24,17.92,-0.02,74,132637,卖盘
09:34:27,17.96,0.04,455,816590,买盘
09:34:30,17.96,0.0,26,46696,卖盘
09:34:33,17.96,0.0,34,61064,卖盘
09:34:36,17.96,0.0,11,19756,卖盘
09:34:39,17.96,0.0,159,285609,卖盘
09:34:42,17.97,0.01,106,190394,买盘
09:34:45,17.96,-0.01,157,282042,卖盘
09:34:48,17.97,0.01,278,499401,买盘
09:34:51,17.97,0.0,93,167121,买盘
09:34:54,17.97,0.0,25,44925,卖盘
09:34:57,17.98,0.01,206,370394,买盘
09:35:00,17.98,0.0,16,28768,卖盘
09:35:06,17.99,0.01,33,59362,买盘
09:35:09,17.99,0.0,5,8995,买盘
09:35:12,18.0,0.01,39,70162,买盘
09:35:15,17.98,-0.02,20,35975,卖盘
09:35:18,17.99,0.01,27,48575,卖盘
09:35:21,17.99,0.0,105,188898,卖盘
09:35:24,17.98,-0.01,81,145740,卖盘
09:35:27,17.99,0.01,26,46767,买盘
09:35:30,17.99,0.0,35,62965,买盘
09:35:33,17.98,-0.01,24,43172,卖盘
09:35:36,17.99,0.01,40,71958,买盘
09:35:39,17.98,-0.01,8,14391,卖盘
09:35:42,17.98,0.0,114,205058,卖盘
09:35:45,17.98,0.0,6,10788,卖盘
09:35:48,17.99,0.01,55,98945,买盘
09:35:51,17.99,0.0,17,30583,买盘
09:35:54,18.03,0.04,464,835794,买盘
09:35:57,17.99,-0.04,16,28784,卖盘
09:36:00,17.99,0.0,1,1799,卖盘
09:36:09,17.99,0.0,15,26991,卖盘
09:36:12,18.01,0.02,69,124340,中性盘
09:36:15,18.01,0.0,2,3603,卖盘
09:36:18,18.04,0.03,81,146050,买盘
09:36:21,18.04,0.0,20,36080,卖盘
09:36:24,18.05,0.01,56,101059,买盘
09:36:27,18.04,-0.01,9,16236,卖盘
09:36:30,18.03,-0.01,10,18038,卖盘
09:36:33,18.05,0.02,43,77597,买盘
09:36:36,18.05,0.0,37,66784,买盘
09:36:39,18.05,0.0,100,180477,卖盘
09:36:42,18.04,-0.01,16,28873,中性盘
09:36:45,18.04,0.0,22,39688,卖盘
09:36:48,18.04,0.0,5,9020,卖盘
09:36:51,18.05,0.01,243,438677,买盘
09:36:54,18.05,0.0,45,81303,卖盘
09:36:57,18.05,0.0,57,102885,卖盘
09:37:00,18.07,0.02,44,79477,买盘
09:37:03,18.07,0.0,171,308897,买盘
09:37:06,18.07,0.0,39,70457,买盘
09:37:09,18.07,0.0,217,392117,买盘
09:37:12,18.07,0.0,153,276573,买盘
09:37:18,18.12,0.05,126,228072,买盘
09:37:21,18.09,-0.03,101,182781,卖盘
09:37:24,18.11,0.02,26,47086,卖盘
09:37:27,18.12,0.01,133,240994,买盘
09:37:30,18.12,0.0,65,117842,卖盘
09:37:33,18.12,0.0,11,19932,卖盘
09:37:36,18.16,0.04,131,237617,买盘
09:37:42,18.13,-0.03,3,5441,卖盘
09:37:45,18.15,0.02,61,110705,买盘
09:37:48,18.12,-0.03,251,455245,卖盘
09:37:51,18.14,0.02,57,103433,买盘
09:37:54,18.13,-0.01,280,507824,中性盘
09:37:57,18.12,-0.01,27,48921,中性盘
09:38:00,18.12,0.0,76,137712,买盘
09:38:03,18.13,0.01,1110,2013264,买盘
09:38:06,18.13,0.0,34,61632,买盘
09:38:09,18.12,-0.01,17,30794,中性盘
09:38:12,18.1,-0.02,135,244515,卖盘
09:38:15,18.12,0.02,11,19930,中性盘
09:38:18,18.09,-0.03,107,193680,卖盘
09:38:21,18.12,0.03,18,32619,中性盘
09:38:24,18.12,0.0,16,28992,卖盘
09:38:27,18.12,0.0,10,18120,卖盘
09:38:30,18.13,0.01,63,114194,买盘
09:38:33,18.13,0.0,89,161336,买盘
09:38:36,18.13,0.0,43,77957,买盘
09:38:39,18.12,-0.01,24,43510,卖盘
09:38:45,18.13,0.01,10,18130,买盘
09:38:48,18.13,0.0,26,47137,买盘
09:38:51,18.13,0.0,36,65268,买盘
09:38:54,18.13,0.0,29,52555,买盘
09:38:57,18.12,-0.01,55,99714,卖盘
09:39:00,18.13,0.01,12,21754,买盘
09:39:03,18.16,0.03,346,627553,买盘
09:39:06,18.18,0.02,127,230770,买盘
09:39:09,18.18,0.0,252,458150,买盘
09:39:12,18.17,-0.01,130,236255,卖盘
09:39:15,18.17,0.0,166,301612,卖盘
09:39:18,18.15,-0.02,14,25410,中性盘
09:39:21,18.16,0.01,30,54454,买盘
09:39:24,18.17,0.01,65,118076,买盘
09:39:30,18.16,-0.01,29,52660,买盘
09:39:33,18.13,-0.03,93,168801,卖盘
09:39:36,18.14,0.01,26,47164,买盘
09:39:39,18.14,0.0,12,21762,买盘
09:39:42,18.13,-0.01,44,79772,卖盘
09:39:45,18.14,0.01,43,77980,买盘
09:39:48,18.14,0.0,1,1814,买盘
09:39:51,18.15,0.01,144,261197,买盘
09:39:54,18.14,-0.01,15,27230,中性盘
09:39:57,18.14,0.0,36,65326,卖盘
09:40:00,18.12,-0.02,133,241123,卖盘
09:40:03,18.13,0.01,44,79782,中性盘
09:40:06,18.12,-0.01,437,792158,卖盘
09:40:09,18.12,0.0,20,36246,买盘
09:40:12,18.12,0.0,23,41645,买盘
09:40:15,18.11,-0.01,38,68823,中性盘
09:40:18,18.12,0.01,1,1812,买盘
09:40:21,18.11,-0.01,24,43476,卖盘
09:40:24,18.11,0.0,12,21732,买盘
09:40:27,18.12,0.01,22,39848,买盘
09:40:30,18.11,-0.01,21,38031,中性盘
09:40:33,18.12,0.01,188,340382,买盘
09:40:36,18.11,-0.01,19,34409,中性盘
09:40:39,18.11,0.0,2,3622,中性盘
09:40:45,18.11,0.0,14,25350,买盘
09:40:48,18.09,-0.02,38,68759,卖盘
09:40:51,18.1,0.01,39,70589,中性盘
09:40:54,18.1,0.0,13,23524,买盘
09:40:57,18.09,-0.01,42,76012,卖盘
09:41:00,18.07,-0.02,37,66894,卖盘
09:41:03,18.09,0.02,10,18090,买盘
09:41:06,18.09,0.0,5,9039,买盘
09:41:09,18.09,0.0,5,9045,买盘
09:41:12,18.07,-0.02,34,61440,卖盘
09:41:15,18.07,0.0,1,1807,卖盘
09:41:21,18.06,-0.01,60,108403,卖盘
09:41:24,18.07,0.01,73,131800,中性盘
09:41:30,18.06,-0.01,16,28896,卖盘
09:41:33,18.06,0.0,59,106554,买盘
09:41:36,18.06,0.0,207,373953,买盘
09:41:39,18.07,0.01,34,61409,买盘
09:41:42,18.05,-0.02,3,5415,卖盘
09:41:48,18.05,0.0,19,34295,卖盘
09:41:51,18.05,0.0,106,191430,卖盘
09:41:54,18.06,0.01,16,28887,买盘
09:41:57,18.05,-0.01,64,115521,卖盘
09:42:00,18.05,0.0,78,140790,卖盘
09:42:03,18.04,-0.01,29,52322,卖盘
09:42:06,18.04,0.0,6,10824,卖盘
09:42:09,18.03,-0.01,41,73949,卖盘
09:42:12,18.03,0.0,6,10818,买盘
09:42:15,18.03,0.0,25,45065,买盘
09:42:18,18.03,0.0,3,5409,中性盘
09:42:21,18.02,-0.01,40,72104,卖盘
09:42:24,18.03,0.01,174,313596,中性盘
09:42:27,18.03,0.0,19,34257,卖盘
09:42:30,18.04,0.01,22,39668,买盘
09:42:33,18.03,-0.01,23,41476,中性盘
09:42:36,18.03,0.0,2,3606,买盘
09:42:39,18.02,-0.01,23,41468,卖盘
09:42:42,18.03,0.01,28,50465,买盘
09:42:45,18.01,-0.02,94,169402,卖盘
09:42:48,18.04,0.03,39,70342,买盘
09:42:51,18.02,-0.02,14,25228,中性盘
09:42:54,18.03,0.01,17,30651,中性盘
09:42:57,18.04,0.01,43,77572,买盘
09:43:00,18.03,-0.01,101,182227,卖盘
09:43:03,18.04,0.01,30,54115,中性盘
09:43:06,18.04,0.0,27,48716,卖盘
09:43:12,18.03,-0.01,400,721347,卖盘
09:43:15,18.04,0.01,26,46904,中性盘
09:43:18,18.03,-0.01,61,110021,卖盘
09:43:21,18.03,0.0,10,18035,卖盘
09:43:30,18.03,0.0,1,1803,卖盘
09:43:33,18.03,0.0,16,28853,卖盘
09:43:39,18.03,0.0,78,140634,卖盘
09:43:42,18.03,0.0,93,167679,卖盘
09:43:45,18.03,0.0,36,64881,买盘
09:43:48,18.02,-0.01,44,79330,卖盘
09:43:51,18.03,0.01,20,36060,买盘
09:43:54,18.02,-0.01,9,16218,卖盘
09:43:57,18.03,0.01,2,3605,买盘
09:44:00,18.02,-0.01,3,5406,卖盘
09:44:03,18.03,0.01,10,18022,买盘
09:44:06,18.02,-0.01,1,1802,卖盘
09:44:09,18.03,0.01,3,5408,买盘
09:44:12,18.02,-0.01,1,1802,卖盘
09:44:15,18.02,0.0,5,9010,卖盘
09:44:24,18.03,0.01,149,268598,买盘
09:44:27,18.02,-0.01,32,57664,卖盘
09:44:30,18.02,0.0,119,214438,卖盘
09:44:33,18.02,0.0,13,23426,买盘
09:44:36,18.02,0.0,29,52256,买盘
09:44:42,18.01,-0.01,18,32426,卖盘
09:44:45,18.02,0.01,331,596245,买盘
09:44:48,18.01,-0.01,1,1801,卖盘
09:44:51,18.02,0.01,64,115269,买盘
09:44:54,18.01,-0.01,2,3603,卖盘
09:44:57,18.01,0.0,219,394620,卖盘
09:45:00,18.01,0.0,54,97255,卖盘
09:45:03,18.01,0.0,106,190977,买盘
09:45:06,18.04,0.03,673,1212876,买盘
09:45:09,18.03,-0.01,14,25239,卖盘
09:45:12,18.04,0.01,114,205544,买盘
09:45:15,18.04,0.0,106,191224,买盘
09:45:18,18.04,0.0,11,19844,卖盘
09:45:21,18.04,0.0,31,55924,卖盘
09:45:24,18.04,0.0,6,10824,卖盘
09:45:27,18.05,0.01,4,7220,买盘
09:45:30,18.04,-0.01,3,5413,卖盘
09:45:33,18.04,0.0,2,3608,卖盘
09:45:36,18.04,0.0,46,83009,卖盘
09:45:39,18.05,0.01,9,16245,买盘
09:45:42,18.04,-0.01,14,25267,卖盘
09:45:45,18.05,0.01,2,3610,中性盘
09:45:51,18.07,0.02,38,68635,买盘
09:45:54,18.05,-0.02,20,36100,卖盘
09:45:57,18.05,0.0,5,9025,卖盘
09:46:00,18.06,0.01,2,3612,买盘
09:46:06,18.06,0.0,1,1806,买盘
09:46:09,18.07,0.01,20,36132,买盘
09:46:12,18.06,-0.01,38,68593,中性盘
09:46:15,18.06,0.0,14,25273,买盘
09:46:18,18.06,0.0,30,54180,买盘
09:46:24,18.07,0.01,201,363199,买盘
09:46:27,18.06,-0.01,37,66852,卖盘
09:46:30,18.07,0.01,40,72280,买盘
09:46:33,18.07,0.0,60,108420,买盘
09:46:36,18.07,0.0,6,10842,买盘
09:46:42,18.07,0.0,22,39754,买盘
09:46:45,18.07,0.0,430,777010,买盘
09:46:48,18.08,0.01,5,9040,买盘
09:46:54,18.07,-0.01,45,81335,卖盘
09:46:57,18.07,0.0,9,16271,卖盘
09:47:00,18.07,0.0,25,45181,卖盘
09:47:06,18.1,0.03,38,68764,买盘
09:47:09,18.09,-0.01,3,5427,卖盘
09:47:12,18.09,0.0,2,3618,卖盘
09:47:15,18.09,0.0,9,16281,卖盘
09:47:21,18.1,0.01,1,1810,买盘
09:47:27,18.1,0.0,13,23530,买盘
09:47:30,18.11,0.01,48,86918,买盘
09:47:33,18.1,-0.01,38,68780,中性盘
09:47:36,18.1,0.0,32,57898,中性盘
09:47:42,18.1,0.0,12,21720,买盘
09:47:48,18.1,0.0,20,36200,买盘
09:47:51,18.1,0.0,22,39810,买盘
09:47:54,18.09,-0.01,3,5427,卖盘
09:47:57,18.1,0.01,346,626011,买盘
09:48:00,18.09,-0.01,1,1809,卖盘
09:48:03,18.09,0.0,15,27146,卖盘
09:48:06,18.07,-0.02,14,25301,卖盘
09:48:09,18.09,0.02,38,68734,买盘
09:48:12,18.08,-0.01,4,7235,中性盘
09:48:15,18.09,0.01,24,43416,买盘
09:48:18,18.09,0.0,15,27112,买盘
09:48:24,18.08,-0.01,2,3617,卖盘
09:48:27,18.09,0.01,5,9045,买盘
09:48:30,18.09,0.0,12,21697,买盘
09:48:33,18.08,-0.01,6,10848,卖盘
09:48:36,18.08,0.0,30,54240,买盘
09:48:39,18.07,-0.01,64,115662,卖盘
09:48:42,18.08,0.01,17,30736,买盘
09:48:45,18.08,0.0,21,37964,买盘
09:48:48,18.07,-0.01,32,57834,卖盘
09:48:51,18.07,0.0,27,48811,卖盘
09:48:54,18.08,0.01,54,97632,买盘
09:48:57,18.08,0.0,34,61499,卖盘
09:49:00,18.1,0.02,78,141058,买盘
09:49:03,18.1,0.0,28,50680,买盘
09:49:06,18.1,0.0,59,106766,买盘
09:49:09,18.1,0.0,3,5430,买盘
09:49:12,18.1,0.0,4,7240,买盘
09:49:18,18.1,0.0,27,48870,买盘
09:49:21,18.1,0.0,6,10860,卖盘
09:49:24,18.1,0.0,17,30770,卖盘
09:49:27,18.11,0.01,1,1811,买盘
09:49:30,18.11,0.0,5,9055,买盘
09:49:33,18.1,-0.01,11,19910,卖盘
09:49:39,18.1,0.0,2,3620,卖盘
09:49:42,18.1,0.0,3,5430,卖盘
09:49:45,18.11,0.01,13,23543,买盘
09:49:57,18.12,0.01,5,9060,买盘
09:50:00,18.12,0.0,4,7248,买盘
09:50:03,18.11,-0.01,13,23544,卖盘
09:50:06,18.12,0.01,56,101470,买盘
09:50:09,18.11,-0.01,147,266221,卖盘
09:50:12,18.1,-0.01,2,3621,卖盘
09:50:15,18.1,0.0,8,14481,卖盘
09:50:18,18.11,0.01,14,25354,买盘
09:50:24,18.1,-0.01,109,197313,卖盘
09:50:27,18.1,0.0,10,18100,卖盘
09:50:30,18.1,0.0,5,9050,卖盘
09:50:33,18.09,-0.01,26,47059,卖盘
09:50:36,18.1,0.01,20,36197,买盘
09:50:42,18.08,-0.02,6,10848,卖盘
09:50:45,18.08,0.0,2,3616,卖盘
09:50:48,18.09,0.01,1,1809,买盘
09:50:51,18.08,-0.01,1,1808,卖盘
09:50:54,18.09,0.01,9,16281,买盘
09:50:57,18.08,-0.01,2,3616,卖盘
09:51:00,18.09,0.01,61,110346,买盘
09:51:03,18.09,0.0,10,18090,卖盘
09:51:06,18.08,-0.01,36,65128,卖盘
09:51:09,18.09,0.01,38,68742,买盘
09:51:12,18.09,0.0,66,119394,买盘
09:51:15,18.09,0.0,6,10849,买盘
09:51:18,18.1,0.01,101,182796,买盘
09:51:24,18.09,-0.01,2,3618,卖盘
09:51:27,18.09,0.0,105,190171,卖盘
09:51:30,18.1,0.01,1,1810,买盘
09:51:33,18.07,-0.03,21,37978,卖盘
09:51:39,18.07,0.0,1,1807,卖盘
09:51:48,18.08,0.01,4,7232,卖盘
09:51:51,18.08,0.0,11,19894,买盘
09:51:54,18.08,0.0,50,90400,卖盘
09:51:57,18.11,0.03,132,238932,买盘
09:52:00,18.12,0.01,94,170199,买盘
09:52:03,18.13,0.01,145,262822,买盘
09:52:06,18.13,0.0,58,105152,买盘
09:52:09,18.12,-0.01,1,1812,买盘
09:52:12,18.12,0.0,24,43498,卖盘
09:52:15,18.13,0.01,10,18130,买盘
09:52:18,18.13,0.0,16,28995,买盘
09:52:21,18.13,0.0,6,10878,买盘
09:52:24,18.13,0.0,14,25382,买盘
09:52:30,18.12,-0.01,29,52567,卖盘
09:52:33,18.12,0.0,18,32629,卖盘
09:52:36,18.12,0.0,9,16308,买盘
09:52:39,18.13,0.01,3,5439,买盘
09:52:48,18.12,-0.01,56,101472,卖盘
09:52:51,18.12,0.0,5,9060,中性盘
09:52:54,18.12,0.0,32,57984,买盘
09:53:03,18.11,-0.01,1,1811,卖盘
09:53:06,18.12,0.01,54,97855,买盘
09:53:09,18.11,-0.01,7,12682,卖盘
09:53:12,18.12,0.01,63,114216,卖盘
09:53:18,18.12,0.0,7,12689,卖盘
09:53:21,18.13,0.01,1,1813,买盘
09:53:24,18.12,-0.01,21,38055,卖盘
09:53:27,18.12,0.0,34,61635,卖盘
09:53:30,18.14,0.02,68,123293,买盘
09:53:33,18.15,0.01,42,76227,买盘
09:53:36,18.15,0.0,118,214089,买盘
09:53:39,18.14,-0.01,1,1814,卖盘
09:53:42,18.13,-0.01,9,16319,卖盘
09:53:45,18.16,0.03,15,27229,买盘
09:53:48,18.13,-0.03,31,56223,卖盘
09:53:51,18.15,0.02,20,36289,买盘
09:53:54,18.14,-0.01,7,12698,买盘
09:53:57,18.15,0.01,11,19955,买盘
09:54:00,18.15,0.0,2,3630,买盘
09:54:03,18.15,0.0,42,76257,卖盘
09:54:06,18.16,0.01,21,38156,中性盘
09:54:09,18.17,0.01,31,56298,买盘
09:54:15,18.17,0.0,6,10897,买盘
09:54:18,18.17,0.0,52,94484,买盘
09:54:21,18.17,0.0,18,32701,中性盘
09:54:27,18.17,0.0,68,123622,卖盘
09:54:30,18.18,0.01,307,558121,中性盘
09:54:33,18.18,0.0,4,7272,卖盘
09:54:36,18.18,0.0,62,112766,卖盘
09:54:39,18.18,0.0,10,18180,卖盘
09:54:42,18.19,0.01,70,127320,买盘
09:54:45,18.19,0.0,19,34559,买盘
09:54:48,18.19,0.0,58,105447,买盘
09:54:51,18.19,0.0,40,72756,买盘
09:54:54,18.19,0.0,2,3638,买盘
09:54:57,18.2,0.01,98,178262,买盘
09:55:00,18.18,-0.02,14,25452,中性盘
09:55:03,18.18,0.0,309,561757,中性盘
09:55:06,18.19,0.01,31,56389,买盘
09:55:09,18.18,-0.01,57,103678,中性盘
09:55:12,18.17,-0.01,173,314436,卖盘
09:55:15,18.17,0.0,66,119925,卖盘
09:55:18,18.18,0.01,15,27270,买盘
09:55:21,18.17,-0.01,4,7268,卖盘
09:55:24,18.17,0.0,53,96301,卖盘
09:55:33,18.16,-0.01,66,119876,卖盘
09:55:36,18.17,0.01,10,18170,买盘
09:55:45,18.16,-0.01,30,54480,卖盘
09:55:51,18.17,0.01,6,10901,买盘
09:55:54,18.16,-0.01,61,110826,卖盘
09:55:57,18.16,0.0,11,19976,卖盘
09:56:00,18.17,0.01,5,9081,买盘
09:56:03,18.17,0.0,5,9085,买盘
09:56:06,18.16,-0.01,263,477455,卖盘
09:56:09,18.16,0.0,40,72640,买盘
09:56:12,18.16,0.0,1,1816,买盘
09:56:15,18.16,0.0,10,18160,买盘
09:56:24,18.16,0.0,64,116204,买盘
09:56:27,18.16,0.0,2,3632,买盘
09:56:30,18.14,-0.02,6,10893,卖盘
09:56:36,18.15,0.01,2,3630,买盘
09:56:39,18.15,0.0,2,3630,买盘
09:56:42,18.15,0.0,8,14513,买盘
09:56:45,18.15,0.0,28,50820,买盘
09:56:48,18.14,-0.01,24,43536,卖盘
09:56:51,18.15,0.01,41,74386,买盘
09:56:57,18.14,-0.01,51,92548,卖盘
09:57:00,18.14,0.0,31,56236,买盘
09:57:03,18.15,0.01,15,27225,买盘
09:57:06,18.13,-0.02,39,70716,卖盘
09:57:09,18.15,0.02,14,25402,买盘
09:57:12,18.15,0.0,21,38105,买盘
09:57:18,18.15,0.0,11,19965,买盘
09:57:21,18.15,0.0,130,235913,买盘
09:57:24,18.17,0.02,248,450133,买盘
09:57:27,18.15,-0.02,62,112614,卖盘
09:57:30,18.18,0.03,90,163534,买盘
09:57:33,18.18,0.0,19,34542,买盘
09:57:36,18.18,0.0,26,47268,买盘
09:57:39,18.17,-0.01,1,1817,中性盘
09:57:42,18.18,0.01,32,58176,买盘
09:57:45,18.17,-0.01,13,23621,卖盘
09:57:48,18.18,0.01,27,49070,买盘
09:57:51,18.18,0.0,32,58176,买盘
09:57:54,18.18,0.0,48,87285,卖盘
09:57:57,18.17,-0.01,4,7268,卖盘
09:58:00,18.19,0.02,28,50928,买盘
09:58:03,18.18,-0.01,2,3636,中性盘
09:58:06,18.18,0.0,21,38195,卖盘
09:58:09,18.19,0.01,94,170938,买盘
09:58:15,18.2,0.01,197,358348,买盘
09:58:18,18.19,-0.01,3,5457,中性盘
09:58:21,18.2,0.01,91,165607,买盘
09:58:24,18.2,0.0,79,143721,买盘
09:58:27,18.2,0.0,31,56412,买盘
09:58:30,18.2,0.0,75,136493,买盘
09:58:33,18.2,0.0,31,56408,买盘
09:58:36,18.2,0.0,32,58240,买盘
09:58:39,18.2,0.0,47,85540,买盘
09:58:42,18.2,0.0,172,313087,买盘
09:58:45,18.24,0.04,37,67428,买盘
09:58:48,18.24,0.0,50,91200,买盘
09:58:51,18.25,0.01,78,142287,买盘
09:58:54,18.25,0.0,30,54749,买盘
09:58:57,18.26,0.01,116,211723,买盘
09:59:00,18.26,0.0,91,166227,买盘
09:59:03,18.28,0.02,90,164470,买盘
09:59:06,18.26,-0.02,101,184481,中性盘
09:59:09,18.28,0.02,103,188278,买盘
09:59:12,18.26,-0.02,76,138902,卖盘
09:59:15,18.29,0.03,203,371058,买盘
09:59:18,18.26,-0.03,208,379903,卖盘
09:59:21,18.29,0.03,214,390952,买盘
09:59:24,18.29,0.0,81,148086,买盘
09:59:27,18.29,0.0,292,533348,买盘
09:59:30,18.29,0.0,271,495643,买盘
09:59:33,18.29,0.0,115,210288,买盘
09:59:36,18.28,-0.01,161,294562,中性盘
09:59:39,18.3,0.02,227,415358,买盘
09:59:42,18.3,0.0,38,69522,买盘
09:59:45,18.3,0.0,231,422695,买盘
09:59:48,18.3,0.0,18,32932,买盘
09:59:51,18.29,-0.01,129,236047,卖盘
09:59:54,18.3,0.01,180,329354,买盘
09:59:57,18.29,-0.01,56,102387,买盘
10:00:00,18.29,0.0,230,420625,买盘
10:00:03,18.3,0.01,133,243220,买盘
10:00:06,18.3,0.0,253,462776,买盘
10:00:09,18.3,0.0,138,252432,买盘
10:00:12,18.3,0.0,352,644062,买盘
10:00:15,18.3,0.0,150,274373,买盘
10:00:18,18.3,0.0,125,228740,买盘
10:00:21,18.28,-0.02,256,468623,卖盘
10:00:24,18.31,0.03,174,318686,中性盘
10:00:27,18.32,0.01,138,252656,买盘
10:00:30,18.3,-0.02,121,221467,买盘
10:00:33,18.3,0.0,72,131752,买盘
10:00:36,18.3,0.0,97,177558,买盘
10:00:39,18.32,0.02,410,750887,买盘
10:00:42,18.31,-0.01,49,89734,卖盘
10:00:45,18.33,0.02,524,960048,买盘
10:00:48,18.31,-0.02,90,164780,买盘
10:00:51,18.33,0.02,400,732724,买盘
10:00:54,18.3,-0.03,164,300391,卖盘
10:00:57,18.31,0.01,398,729463,卖盘
10:01:00,18.33,0.02,234,428949,中性盘
10:01:03,18.34,0.01,129,236562,买盘
10:01:06,18.34,0.0,289,530129,买盘
10:01:09,18.35,0.01,306,561307,买盘
10:01:12,18.36,0.01,197,361502,买盘
10:01:15,18.36,0.0,174,319424,买盘
10:01:18,18.35,-0.01,253,464469,卖盘
10:01:21,18.36,0.01,493,905504,买盘
10:01:24,18.36,0.0,109,200260,卖盘
10:01:27,18.37,0.01,391,718379,买盘
10:01:30,18.39,0.02,477,876657,买盘
10:01:33,18.39,0.0,266,489014,买盘
10:01:36,18.39,0.0,439,807239,买盘
10:01:39,18.39,0.0,303,557222,买盘
10:01:42,18.37,-0.02,566,1040526,卖盘
10:01:45,18.37,0.0,717,1316579,买盘
10:01:48,18.33,-0.04,394,723284,卖盘
10:01:51,18.35,0.02,795,1457455,买盘
10:01:54,18.29,-0.06,362,663148,卖盘
10:01:57,18.32,0.03,489,895940,买盘
10:02:00,18.32,0.0,214,392151,买盘
10:02:03,18.32,0.0,337,617252,买盘
10:02:06,18.27,-0.05,157,287186,卖盘
10:02:09,18.29,0.02,185,338747,中性盘
10:02:12,18.32,0.03,211,386274,买盘
10:02:15,18.3,-0.02,247,451780,中性盘
10:02:18,18.32,0.02,150,274527,买盘
10:02:21,18.28,-0.04,302,552346,中性盘
10:02:24,18.28,0.0,92,168370,中性盘
10:02:27,18.3,0.02,139,254178,买盘
10:02:30,18.3,0.0,207,378637,买盘
10:02:33,18.3,0.0,156,285234,买盘
10:02:36,18.28,-0.02,174,318330,卖盘
10:02:39,18.28,0.0,84,153634,卖盘
10:02:42,18.3,0.02,91,166461,买盘
10:02:45,18.29,-0.01,84,154326,买盘
10:02:48,18.29,0.0,89,162740,买盘
10:02:51,18.29,0.0,129,235907,买盘
10:02:54,18.29,0.0,2288,4193031,买盘
10:02:57,18.32,0.03,77,140986,买盘
10:03:00,18.35,0.03,927,1698871,买盘
10:03:03,18.34,-0.01,45,82500,中性盘
10:03:06,18.35,0.01,333,610843,买盘
10:03:09,18.36,0.01,357,655081,买盘
10:03:12,18.37,0.01,107,196521,买盘
10:03:15,18.38,0.01,154,282980,买盘
10:03:18,18.38,0.0,60,110250,买盘
10:03:21,18.39,0.01,173,318051,买盘
10:03:24,18.37,-0.02,100,183826,卖盘
10:03:27,18.39,0.02,290,533048,买盘
10:03:30,18.37,-0.02,122,224214,中性盘
10:03:33,18.38,0.01,246,451999,买盘
10:03:36,18.37,-0.01,216,396652,中性盘
10:03:39,18.38,0.01,114,209499,买盘
10:03:42,18.37,-0.01,130,238899,中性盘
10:03:45,18.38,0.01,135,248163,中性盘
10:03:48,18.37,-0.01,53,97364,中性盘
10:03:51,18.37,0.0,126,231440,买盘
10:03:54,18.36,-0.01,113,207635,卖盘
10:03:57,18.38,0.02,108,198330,买盘
10:04:00,18.36,-0.02,80,146868,中性盘
10:04:03,18.36,0.0,56,102816,买盘
10:04:06,18.33,-0.03,570,1045320,卖盘
10:04:09,18.35,0.02,140,256563,买盘
10:04:12,18.33,-0.02,424,777554,中性盘
10:04:15,18.38,0.05,231,424255,买盘
10:04:18,18.38,0.0,160,293966,买盘
10:04:21,18.33,-0.05,153,280756,卖盘
10:04:24,18.38,0.05,137,251493,买盘
10:04:27,18.37,-0.01,179,328816,中性盘
10:04:30,18.36,-0.01,78,143198,中性盘
10:04:33,18.37,0.01,61,112009,买盘
10:04:36,18.37,0.0,49,89984,买盘
10:04:39,18.37,0.0,55,100971,买盘
10:04:42,18.4,0.03,2237,4115004,买盘
10:04:45,18.4,0.0,51,93852,卖盘
10:04:48,18.45,0.05,803,1479146,买盘
10:04:51,18.41,-0.04,372,685554,中性盘
10:04:54,18.45,0.04,342,630633,买盘
10:04:57,18.43,-0.02,387,713574,中性盘
10:05:00,18.44,0.01,173,319141,买盘
10:05:03,18.45,0.01,338,623510,买盘
10:05:06,18.45,0.0,297,547687,卖盘
10:05:09,18.4,-0.05,288,530718,卖盘
10:05:12,18.45,0.05,358,660416,买盘
10:05:15,18.45,0.0,897,1654932,买盘
10:05:18,18.45,0.0,314,578608,买盘
10:05:21,18.48,0.03,424,782385,买盘
10:05:24,18.46,-0.02,187,345097,中性盘
10:05:27,18.48,0.02,391,721684,买盘
10:05:30,18.46,-0.02,1603,2963683,中性盘
10:05:33,18.49,0.03,177,326883,买盘
10:05:36,18.49,0.0,401,740293,买盘
10:05:39,18.47,-0.02,237,437720,中性盘
10:05:42,18.42,-0.05,196,361670,卖盘
10:05:45,18.46,0.04,241,445062,买盘
10:05:48,18.42,-0.04,98,180702,卖盘
10:05:51,18.44,0.02,59,108729,买盘
10:05:54,18.4,-0.04,152,279870,卖盘
10:05:57,18.42,0.02,67,123355,中性盘
10:06:00,18.43,0.01,181,333373,买盘
10:06:03,18.4,-0.03,31,57040,卖盘
10:06:06,18.38,-0.02,436,801925,卖盘
10:06:09,18.35,-0.03,223,409967,卖盘
10:06:12,18.39,0.04,85,156183,买盘
10:06:15,18.38,-0.01,28,51438,中性盘
10:06:18,18.35,-0.03,15,27534,中性盘
10:06:21,18.34,-0.01,255,467985,卖盘
10:06:24,18.33,-0.01,153,280580,卖盘
10:06:27,18.33,0.0,35,64163,卖盘
10:06:30,18.34,0.01,11,20171,中性盘
10:06:33,18.33,-0.01,140,256620,卖盘
10:06:36,18.35,0.02,140,256791,买盘
10:06:39,18.34,-0.01,165,302759,卖盘
10:06:42,18.33,-0.01,43,78819,卖盘
10:06:45,18.34,0.01,13,23837,买盘
10:06:48,18.34,0.0,45,82510,买盘
10:06:51,18.34,0.0,58,106380,买盘
10:06:54,18.34,0.0,13,23842,卖盘
10:06:57,18.35,0.01,4,7340,中性盘
10:07:00,18.35,0.0,28,51380,卖盘
10:07:03,18.35,0.0,66,121110,卖盘
10:07:06,18.35,0.0,81,148656,买盘
10:07:09,18.36,0.01,123,225610,买盘
10:07:12,18.34,-0.02,104,190804,卖盘
10:07:15,18.35,0.01,85,155946,买盘
10:07:18,18.35,0.0,139,255083,买盘
10:07:21,18.35,0.0,22,40370,中性盘
10:07:24,18.35,0.0,2,3670,卖盘
10:07:33,18.35,0.0,216,396360,卖盘
10:07:36,18.35,0.0,107,196445,卖盘
10:07:39,18.35,0.0,109,200115,卖盘
10:07:45,18.35,0.0,3,5505,卖盘
10:07:48,18.35,0.0,16,29366,卖盘
10:07:51,18.35,0.0,61,111935,卖盘
10:07:54,18.36,0.01,60,110156,买盘
10:07:57,18.36,0.0,142,260712,买盘
10:08:00,18.36,0.0,9,16524,卖盘
10:08:03,18.36,0.0,2,3672,卖盘
10:08:06,18.36,0.0,206,378301,卖盘
10:08:09,18.36,0.0,79,145184,卖盘
10:08:12,18.37,0.01,15,27543,中性盘
10:08:15,18.36,-0.01,43,79032,卖盘
10:08:18,18.36,0.0,1,1836,卖盘
10:08:21,18.38,0.02,20,36760,买盘
10:08:24,18.36,-0.02,23,42228,卖盘
10:08:27,18.38,0.02,140,257320,买盘
10:08:33,18.36,-0.02,11,20202,卖盘
10:08:36,18.36,0.0,58,106567,卖盘
10:08:39,18.38,0.02,61,112118,买盘
10:08:42,18.38,0.0,12,22052,买盘
10:08:45,18.36,-0.02,12,22052,卖盘
10:08:48,18.37,0.01,17,31238,中性盘
10:08:51,18.38,0.01,44,80864,买盘
10:08:54,18.38,0.0,27,49605,买盘
10:09:03,18.38,0.0,32,58802,买盘
10:09:06,18.36,-0.02,43,78964,卖盘
10:09:09,18.36,0.0,37,67934,卖盘
10:09:12,18.35,-0.01,267,490198,卖盘
10:09:15,18.35,0.0,4,7340,卖盘
10:09:18,18.35,0.0,9,16515,卖盘
10:09:21,18.35,0.0,39,71565,卖盘
10:09:24,18.35,0.0,63,115550,卖盘
10:09:27,18.35,0.0,200,367190,卖盘
10:09:30,18.35,0.0,98,179841,卖盘
10:09:33,18.35,0.0,62,113830,卖盘
10:09:36,18.35,0.0,3,5505,卖盘
10:09:39,18.35,0.0,123,225705,卖盘
10:09:42,18.37,0.02,86,157897,买盘
10:09:45,18.35,-0.02,67,122944,卖盘
10:09:48,18.35,0.0,1,1835,买盘
10:09:51,18.35,0.0,89,163315,买盘
10:09:54,18.34,-0.01,173,317374,卖盘
10:09:57,18.34,0.0,71,130214,买盘
10:10:00,18.34,0.0,18,33012,买盘
10:10:03,18.33,-0.01,61,111820,卖盘
10:10:06,18.31,-0.02,234,428906,卖盘
10:10:09,18.31,0.0,100,183308,卖盘
10:10:12,18.33,0.02,10,18330,买盘
10:10:15,18.32,-0.01,27,49482,卖盘
10:10:18,18.32,0.0,20,36640,卖盘
10:10:21,18.33,0.01,101,185133,买盘
10:10:24,18.34,0.01,29,53182,买盘
10:10:27,18.33,-0.01,55,100823,卖盘
10:10:30,18.34,0.01,56,102647,买盘
10:10:33,18.33,-0.01,38,69654,中性盘
10:10:36,18.33,0.0,10,18330,买盘
10:10:39,18.33,0.0,4,7332,买盘
10:10:42,18.33,0.0,203,372170,买盘
10:10:45,18.32,-0.01,34,62312,卖盘
10:10:48,18.32,0.0,8,14656,卖盘
10:10:51,18.33,0.01,47,86151,买盘
10:10:54,18.32,-0.01,1,1832,卖盘
10:10:57,18.33,0.01,20,36660,买盘
10:11:00,18.32,-0.01,10,18320,卖盘
10:11:03,18.32,0.0,3,5496,卖盘
10:11:06,18.33,0.01,159,291443,买盘
10:11:09,18.33,0.0,1,1833,卖盘
10:11:12,18.34,0.01,40,73360,买盘
10:11:15,18.35,0.01,162,297263,买盘
10:11:18,18.34,-0.01,2,3668,中性盘
10:11:21,18.33,-0.01,43,78860,卖盘
10:11:24,18.33,0.0,1,1833,卖盘
10:11:30,18.34,0.01,48,88037,买盘
10:11:33,18.33,-0.01,46,84354,卖盘
10:11:36,18.34,0.01,18,33004,中性盘
10:11:39,18.34,0.0,18,33028,中性盘
10:11:42,18.34,0.0,10,18340,卖盘
10:11:45,18.35,0.01,31,56885,买盘
10:11:48,18.34,-0.01,32,58698,卖盘
10:11:54,18.35,0.01,15,27525,买盘
10:11:57,18.35,0.0,5,9175,买盘
10:12:00,18.35,0.0,62,113764,买盘
10:12:03,18.35,0.0,35,64225,卖盘
10:12:06,18.35,0.0,70,128489,中性盘
10:12:09,18.35,0.0,84,154066,中性盘
10:12:12,18.35,0.0,12,22019,买盘
10:12:15,18.35,0.0,104,190884,买盘
10:12:18,18.35,0.0,8,14680,卖盘
10:12:24,18.35,0.0,1,1835,卖盘
10:12:27,18.35,0.0,5,9175,卖盘
10:12:30,18.35,0.0,1,1835,卖盘
10:12:33,18.37,0.02,12,22043,买盘
10:12:36,18.36,-0.01,37,67907,中性盘
10:12:39,18.35,-0.01,2,3670,卖盘
10:12:42,18.36,0.01,9,16524,买盘
10:12:48,18.36,0.0,38,69768,买盘
10:12:51,18.36,0.0,51,93636,买盘
10:12:54,18.36,0.0,1,1836,买盘
10:13:00,18.35,-0.01,3,5505,卖盘
10:13:03,18.36,0.01,20,36720,买盘
10:13:06,18.35,-0.01,46,84412,卖盘
10:13:15,18.35,0.0,24,44040,卖盘
10:13:21,18.35,0.0,538,987253,卖盘
10:13:24,18.35,0.0,2,3670,中性盘
10:13:27,18.36,0.01,6,11015,买盘
10:13:30,18.35,-0.01,72,132120,卖盘
10:13:33,18.35,0.0,136,249570,卖盘
10:13:36,18.35,0.0,11,20186,中性盘
10:13:39,18.35,0.0,91,167040,买盘
10:13:42,18.36,0.01,2,3672,买盘
10:13:45,18.35,-0.01,12,22020,买盘
10:13:48,18.34,-0.01,62,113708,卖盘
10:13:51,18.35,0.01,180,330210,买盘
10:13:54,18.34,-0.01,51,93534,卖盘
10:13:57,18.34,0.0,15,27510,卖盘
10:14:00,18.34,0.0,7,12838,卖盘
10:14:03,18.34,0.0,50,91700,卖盘
10:14:06,18.34,0.0,584,1071056,卖盘
10:14:09,18.33,-0.01,27,49513,卖盘
10:14:12,18.33,0.0,2,3666,卖盘
10:14:15,18.35,0.02,114,209079,买盘
10:14:18,18.33,-0.02,39,71487,卖盘
10:14:21,18.33,0.0,11,20163,卖盘
10:14:24,18.35,0.02,41,75201,买盘
10:14:27,18.35,0.0,65,119199,买盘
10:14:30,18.33,-0.02,11,20163,卖盘
10:14:33,18.35,0.02,20,36690,买盘
10:14:45,18.33,-0.02,1,1833,卖盘
10:14:48,18.35,0.02,80,146744,买盘
10:14:51,18.35,0.0,12,22007,买盘
10:14:57,18.34,-0.01,132,241971,买盘
10:15:03,18.34,0.0,32,59422,买盘
10:15:06,18.33,-0.01,43,78852,卖盘
10:15:09,18.33,0.0,64,117328,卖盘
10:15:12,18.34,0.01,57,104538,中性盘
10:15:15,18.33,-0.01,15,27515,卖盘
10:15:18,18.33,0.0,27,49529,卖盘
10:15:21,18.33,0.0,1,1833,卖盘
10:15:24,18.33,0.0,11,20173,卖盘
10:15:27,18.34,0.01,17,31178,买盘
10:15:30,18.34,0.0,18,33011,买盘
10:15:33,18.34,0.0,17,31178,买盘
10:15:36,18.33,-0.01,82,150306,卖盘
10:15:39,18.34,0.01,11,20174,买盘
10:15:42,18.32,-0.02,117,213726,卖盘
10:15:45,18.34,0.02,46,84341,买盘
10:15:48,18.33,-0.01,25,45825,中性盘
10:15:54,18.32,-0.01,44,80658,卖盘
10:15:57,18.32,0.0,14,25648,卖盘
10:16:00,18.32,0.0,1,1832,卖盘
10:16:06,18.32,0.0,122,223504,卖盘
10:16:09,18.31,-0.01,63,115353,卖盘
10:16:12,18.31,0.0,7,12817,卖盘
10:16:15,18.31,0.0,127,232537,卖盘
10:16:24,18.3,-0.01,62,113505,卖盘
10:16:27,18.3,0.0,5,9150,卖盘
10:16:30,18.3,0.0,3,5490,卖盘
10:16:33,18.3,0.0,35,64050,卖盘
10:16:36,18.3,0.0,54,98820,卖盘
10:16:39,18.3,0.0,2,3660,卖盘
10:16:42,18.3,0.0,15,27455,卖盘
10:16:45,18.3,0.0,36,66722,卖盘
10:16:48,18.3,0.0,22,40260,卖盘
10:16:51,18.3,0.0,11,20130,卖盘
10:16:57,18.3,0.0,11,20130,卖盘
10:17:00,18.3,0.0,49,89694,卖盘
10:17:03,18.3,0.0,66,120780,卖盘
10:17:06,18.3,0.0,90,164700,卖盘
10:17:09,18.3,0.0,25,45750,卖盘
10:17:15,18.3,0.0,13,23790,卖盘
10:17:18,18.3,0.0,342,625018,卖盘
10:17:21,18.3,0.0,51,93330,买盘
10:17:24,18.3,0.0,12,21960,卖盘
10:17:27,18.29,-0.01,4,7316,卖盘
10:17:36,18.29,0.0,13,23777,卖盘
10:17:39,18.3,0.01,36,65846,买盘
10:17:42,18.29,-0.01,6,10974,卖盘
10:17:45,18.29,0.0,2,3658,卖盘
10:17:51,18.29,0.0,53,96937,卖盘
10:17:54,18.29,0.0,33,60357,卖盘
10:17:57,18.29,0.0,6,10974,卖盘
10:18:00,18.3,0.01,6,10977,买盘
10:18:03,18.29,-0.01,19,34751,卖盘
10:18:06,18.28,-0.01,103,188422,卖盘
10:18:09,18.28,0.0,23,42044,卖盘
10:18:12,18.29,0.01,5,9145,中性盘
10:18:15,18.29,0.0,5,9145,买盘
10:18:18,18.28,-0.01,1,1828,卖盘
10:18:21,18.29,0.01,26,47551,买盘
10:18:24,18.29,0.0,9,16461,卖盘
10:18:27,18.29,0.0,10,18290,卖盘
10:18:33,18.28,-0.01,11,20118,卖盘
10:18:36,18.28,0.0,21,38392,卖盘
10:18:39,18.28,0.0,5,9140,卖盘
10:18:45,18.29,0.01,36,65818,买盘
10:18:48,18.28,-0.01,237,432523,卖盘
10:18:51,18.28,0.0,44,80432,买盘
10:19:00,18.28,0.0,210,384593,买盘
10:19:03,18.28,0.0,29,53012,卖盘
10:19:06,18.28,0.0,37,67636,卖盘
10:19:09,18.28,0.0,20,36560,卖盘
10:19:12,18.28,0.0,2,3656,卖盘
10:19:15,18.28,0.0,35,63980,卖盘
10:19:18,18.28,0.0,1,1828,卖盘
10:19:24,18.28,0.0,8,14624,卖盘
10:19:27,18.28,0.0,62,113336,卖盘
10:19:33,18.28,0.0,8,14624,卖盘
10:19:36,18.28,0.0,15,27420,卖盘
10:19:39,18.28,0.0,24,43872,卖盘
10:19:42,18.28,0.0,59,107852,卖盘
10:19:45,18.28,0.0,254,464312,卖盘
10:19:48,18.28,0.0,35,63267,卖盘
10:19:51,18.28,0.0,52,95056,买盘
10:19:54,18.27,-0.01,4,7308,卖盘
10:20:00,18.28,0.01,22,40929,买盘
10:20:03,18.28,0.0,10,18280,卖盘
10:20:06,18.28,0.0,2,3656,卖盘
10:20:09,18.28,0.0,4,6599,卖盘
10:20:12,18.27,-0.01,3,5482,卖盘
10:20:18,18.27,0.0,1,1827,卖盘
10:20:24,18.27,0.0,2,3654,卖盘
10:20:27,18.27,0.0,11,20102,卖盘
10:20:30,18.27,0.0,15,27406,卖盘
10:20:33,18.27,0.0,83,151691,卖盘
10:20:36,18.27,0.0,4,7308,卖盘
10:20:39,18.27,0.0,2,3654,卖盘
10:20:42,18.28,0.01,29,53005,买盘
10:20:45,18.27,-0.01,72,131544,卖盘
10:20:48,18.28,0.01,41,74939,买盘
10:20:51,18.28,0.0,320,585436,买盘
10:20:54,18.28,0.0,34,61439,卖盘
10:20:57,18.27,-0.01,85,155412,卖盘
10:21:03,18.28,0.01,43,78604,买盘
10:21:06,18.28,0.0,1,1828,卖盘
10:21:09,18.28,0.0,9,16452,卖盘
10:21:12,18.28,0.0,30,54858,卖盘
10:21:15,18.29,0.01,425,778038,买盘
10:21:18,18.29,0.0,9,16467,卖盘
10:21:21,18.3,0.01,48,87830,买盘
10:21:24,18.31,0.01,142,259912,买盘
10:21:27,18.31,0.0,32,58592,买盘
10:21:30,18.3,-0.01,4,7320,卖盘
10:21:33,18.31,0.01,17,31126,买盘
10:21:36,18.31,0.0,10,18310,买盘
10:21:39,18.31,0.0,4,7324,买盘
10:21:42,18.31,0.0,13,23803,买盘
10:21:45,18.31,0.0,3,5493,买盘
10:21:48,18.3,-0.01,2,3660,卖盘
10:21:51,18.31,0.01,75,137325,买盘
10:21:57,18.31,0.0,21,38451,卖盘
10:22:00,18.32,0.01,21,38472,买盘
10:22:06,18.34,0.02,29,53168,买盘
10:22:12,18.32,-0.02,17,31145,卖盘
10:22:18,18.34,0.02,16,29342,买盘
10:22:21,18.34,0.0,12,22008,买盘
10:22:24,18.34,0.0,50,91700,买盘
10:22:27,18.34,0.0,20,36666,买盘
10:22:30,18.33,-0.01,1,1833,卖盘
10:22:33,18.34,0.01,123,225644,买盘
10:22:39,18.35,0.01,58,106420,买盘
10:22:42,18.34,-0.01,2,3668,卖盘
10:22:48,18.35,0.01,22,40363,买盘
10:22:54,18.34,-0.01,20,36682,卖盘
10:22:57,18.34,0.0,1,1834,卖盘
10:23:00,18.34,0.0,13,23852,卖盘
10:23:03,18.35,0.01,25,45875,买盘
10:23:06,18.35,0.0,56,102750,买盘
10:23:12,18.35,0.0,36,66060,买盘
10:23:15,18.34,-0.01,4,7336,卖盘
10:23:18,18.34,0.0,1,1834,卖盘
10:23:21,18.35,0.01,45,82575,买盘
10:23:24,18.35,0.0,12,22020,买盘
10:23:27,18.35,0.0,23,42200,买盘
10:23:30,18.35,0.0,16,29360,买盘
10:23:33,18.34,-0.01,12,22018,卖盘
10:23:39,18.35,0.01,14,25690,买盘
10:23:48,18.35,0.0,65,119269,买盘
10:23:54,18.35,0.0,44,80740,买盘
10:23:57,18.35,0.0,121,222035,买盘
10:24:00,18.35,0.0,48,88076,买盘
10:24:03,18.35,0.0,81,148634,买盘
10:24:06,18.35,0.0,102,187170,买盘
10:24:09,18.35,0.0,13,23855,买盘
10:24:12,18.36,0.01,58,106488,买盘
10:24:15,18.35,-0.01,9,16515,卖盘
10:24:21,18.35,0.0,11,20185,卖盘
10:24:24,18.35,0.0,17,31210,卖盘
10:24:27,18.36,0.01,24,44064,买盘
10:24:30,18.35,-0.01,10,18350,卖盘
10:24:33,18.35,0.0,5,9175,卖盘
10:24:42,18.36,0.01,117,214812,买盘
10:24:48,18.37,0.01,29,53273,买盘
10:24:51,18.36,-0.01,13,23868,卖盘
10:24:54,18.37,0.01,27,49599,买盘
10:24:57,18.36,-0.01,5,9180,卖盘
10:25:00,18.36,0.0,77,141398,卖盘
10:25:03,18.37,0.01,12,22044,买盘
10:25:09,18.37,0.0,13,23881,买盘
10:25:12,18.37,0.0,8,14696,买盘
10:25:15,18.36,-0.01,65,119340,卖盘
10:25:18,18.34,-0.02,343,629627,卖盘
10:25:21,18.37,0.03,120,220335,买盘
10:25:24,18.36,-0.01,15,27553,中性盘
10:25:27,18.36,0.0,101,185547,卖盘
10:25:36,18.36,0.0,1,1836,卖盘
10:25:45,18.36,0.0,62,113832,卖盘
10:25:48,18.36,0.0,8,14688,卖盘
10:25:51,18.37,0.01,53,97323,买盘
10:25:54,18.36,-0.01,57,104668,中性盘
10:25:57,18.37,0.01,9,16526,买盘
10:26:00,18.36,-0.01,49,89994,卖盘
10:26:03,18.37,0.01,73,134040,买盘
10:26:06,18.36,-0.01,16,29376,卖盘
10:26:09,18.36,0.0,49,89972,卖盘
10:26:12,18.36,0.0,13,23868,买盘
10:26:15,18.36,0.0,44,80784,买盘
10:26:18,18.36,0.0,6,11016,卖盘
10:26:21,18.36,0.0,35,64273,卖盘
10:26:24,18.36,0.0,28,51426,卖盘
10:26:27,18.37,0.01,12,22044,买盘
10:26:30,18.36,-0.01,126,231336,卖盘
10:26:33,18.36,0.0,28,51408,买盘
10:26:39,18.37,0.01,134,246152,买盘
10:26:42,18.37,0.0,5,9182,买盘
10:26:48,18.37,0.0,27,49594,买盘
10:26:54,18.37,0.0,45,82640,买盘
10:26:57,18.37,0.0,42,77146,买盘
10:27:03,18.37,0.0,37,67965,买盘
10:27:06,18.36,-0.01,5,9180,中性盘
10:27:15,18.35,-0.01,17,31207,卖盘
10:27:18,18.37,0.02,63,115727,买盘
10:27:21,18.35,-0.02,17,31215,卖盘
10:27:24,18.37,0.02,10,18370,买盘
10:27:27,18.37,0.0,25,45925,买盘
10:27:30,18.35,-0.02,1,1835,卖盘
10:27:36,18.35,0.0,13,23855,卖盘
10:27:39,18.35,0.0,10,18350,卖盘
10:27:42,18.35,0.0,23,42205,卖盘
10:27:45,18.35,0.0,14,25690,卖盘
10:27:48,18.35,0.0,11,20185,卖盘
10:27:51,18.35,0.0,1,1835,卖盘
10:27:54,18.35,0.0,15,27538,卖盘
10:28:00,18.35,0.0,3,5505,卖盘
10:28:03,18.35,0.0,50,91750,卖盘
10:28:06,18.35,0.0,7,12845,卖盘
10:28:09,18.35,0.0,14,25690,卖盘
10:28:12,18.36,0.01,134,245963,买盘
10:28:15,18.35,-0.01,3,5506,卖盘
10:28:18,18.36,0.01,17,31212,买盘
10:28:21,18.35,-0.01,1,1835,卖盘
10:28:24,18.35,0.0,12,22020,卖盘
10:28:27,18.35,0.0,5,9175,卖盘
10:28:30,18.35,0.0,1,1835,卖盘
10:28:33,18.36,0.01,14,25704,买盘
10:28:36,18.35,-0.01,30,55050,卖盘
10:28:45,18.35,0.0,2,3670,卖盘
10:28:48,18.36,0.01,12,22031,买盘
10:28:51,18.35,-0.01,9,16515,卖盘
10:28:54,18.35,0.0,45,82575,卖盘
10:28:57,18.35,0.0,111,203726,卖盘
10:29:00,18.35,0.0,37,67895,卖盘
10:29:03,18.36,0.01,70,128518,买盘
10:29:06,18.35,-0.01,11,20186,卖盘
10:29:09,18.35,0.0,20,36712,卖盘
10:29:12,18.36,0.01,12,22032,买盘
10:29:21,18.35,-0.01,101,185335,卖盘
10:29:24,18.35,0.0,44,80740,买盘
10:29:27,18.35,0.0,39,71565,买盘
10:29:33,18.35,0.0,15,27525,买盘
10:29:39,18.34,-0.01,4,7336,卖盘
10:29:42,18.34,0.0,70,128380,卖盘
10:29:48,18.35,0.01,20,36696,买盘
10:29:51,18.34,-0.01,1,1834,卖盘
10:29:54,18.34,0.0,1,1834,卖盘
10:29:57,18.34,0.0,44,80696,卖盘
10:30:03,18.34,0.0,57,104550,卖盘
10:30:06,18.34,0.0,15,27510,卖盘
10:30:12,18.35,0.01,22,40370,买盘
10:30:15,18.34,-0.01,11,20184,卖盘
10:30:18,18.35,0.01,190,348429,买盘
10:30:21,18.35,0.0,245,449575,买盘
10:30:24,18.4,0.05,876,1609674,买盘
10:30:27,18.4,0.0,961,1767952,买盘
10:30:30,18.41,0.01,115,211595,买盘
10:30:33,18.4,-0.01,97,178533,卖盘
10:30:36,18.41,0.01,55,101304,中性盘
10:30:39,18.43,0.02,50,92124,买盘
10:30:42,18.42,-0.01,60,110585,卖盘
10:30:45,18.43,0.01,127,234013,买盘
10:30:48,18.42,-0.01,125,230356,买盘
10:30:51,18.42,0.0,84,154727,买盘
10:30:54,18.42,0.0,83,152914,买盘
10:30:57,18.42,0.0,20,36840,买盘
10:31:00,18.42,0.0,20,36840,买盘
10:31:03,18.43,0.01,36,66328,买盘
10:31:06,18.42,-0.01,40,73680,中性盘
10:31:09,18.4,-0.02,49,90309,卖盘
10:31:12,18.4,0.0,58,106874,卖盘
10:31:15,18.4,0.0,114,209904,卖盘
10:31:18,18.4,0.0,22,40498,卖盘
10:31:21,18.42,0.02,262,482652,买盘
10:31:24,18.42,0.0,69,127107,卖盘
10:31:27,18.43,0.01,65,119682,买盘
10:31:30,18.43,0.0,46,84753,中性盘
10:31:33,18.44,0.01,64,117971,买盘
10:31:36,18.44,0.0,8,14749,买盘
10:31:39,18.41,-0.03,16,29471,卖盘
10:31:45,18.43,0.02,22,40533,买盘
10:31:48,18.43,0.0,20,36859,买盘
10:31:51,18.43,0.0,73,134567,买盘
10:31:54,18.41,-0.02,102,187891,卖盘
10:31:57,18.42,0.01,181,333171,买盘
10:32:00,18.43,0.01,227,418303,买盘
10:32:03,18.42,-0.01,33,60784,中性盘
10:32:06,18.39,-0.03,38,70010,卖盘
10:32:09,18.41,0.02,186,342608,中性盘
10:32:12,18.39,-0.02,115,211817,卖盘
10:32:15,18.39,0.0,73,134458,卖盘
10:32:18,18.39,0.0,109,200633,卖盘
10:32:21,18.39,0.0,172,316350,卖盘
10:32:24,18.39,0.0,83,152627,买盘
10:32:27,18.39,0.0,56,103035,买盘
10:32:30,18.39,0.0,6,11034,卖盘
10:32:33,18.39,0.0,60,110479,卖盘
10:32:39,18.4,0.01,14,25760,买盘
10:32:42,18.4,0.0,18,33120,卖盘
10:32:48,18.39,-0.01,117,215163,卖盘
10:32:51,18.41,0.02,63,115926,买盘
10:32:54,18.41,0.0,72,132509,买盘
10:32:57,18.39,-0.02,53,97549,中性盘
10:33:03,18.41,0.02,44,80984,买盘
10:33:06,18.38,-0.03,63,115862,卖盘
10:33:09,18.38,0.0,119,218901,卖盘
10:33:12,18.41,0.03,20,36806,买盘
10:33:15,18.39,-0.02,2,3678,中性盘
10:33:18,18.41,0.02,28,51548,买盘
10:33:21,18.41,0.0,50,92050,买盘
10:33:24,18.39,-0.02,6,11034,卖盘
10:33:27,18.41,0.02,23,42341,买盘
10:33:30,18.39,-0.02,38,69921,卖盘
10:33:36,18.41,0.02,16,29452,买盘
10:33:39,18.4,-0.01,20,36795,中性盘
10:33:42,18.41,0.01,29,53388,买盘
10:33:54,18.41,0.0,54,99373,买盘
10:34:00,18.4,-0.01,14,25758,买盘
10:34:03,18.39,-0.01,15,27598,卖盘
10:34:06,18.4,0.01,180,331053,买盘
10:34:12,18.41,0.01,50,92012,买盘
10:34:15,18.4,-0.01,6,11040,中性盘
10:34:18,18.4,0.0,34,62589,买盘
10:34:21,18.4,0.0,36,66240,卖盘
10:34:24,18.4,0.0,2,3680,中性盘
10:34:27,18.4,0.0,82,150880,卖盘
10:34:30,18.4,0.0,27,49680,买盘
10:34:33,18.41,0.01,38,69939,买盘
10:34:36,18.41,0.0,51,93890,买盘
10:34:39,18.41,0.0,62,114122,买盘
10:34:42,18.4,-0.01,5,9200,卖盘
10:34:45,18.41,0.01,65,119639,买盘
10:34:48,18.41,0.0,53,97573,买盘
10:34:51,18.41,0.0,10,18410,买盘
10:34:54,18.41,0.0,71,130752,买盘
10:34:57,18.42,0.01,66,121567,买盘
10:35:00,18.4,-0.02,227,417792,卖盘
10:35:03,18.42,0.02,39,71827,买盘
10:35:06,18.42,0.0,27,49717,买盘
10:35:09,18.41,-0.01,76,139968,卖盘
10:35:12,18.41,0.0,27,49691,买盘
10:35:15,18.41,0.0,33,60753,买盘
10:35:21,18.41,0.0,52,95732,买盘
10:35:24,18.41,0.0,52,95732,买盘
10:35:27,18.4,-0.01,16,29440,卖盘
10:35:30,18.41,0.01,32,58893,买盘
10:35:33,18.4,-0.01,2,3681,卖盘
10:35:36,18.41,0.01,98,180418,买盘
10:35:39,18.4,-0.01,67,123280,卖盘
10:35:42,18.41,0.01,43,79177,买盘
10:35:45,18.41,0.0,19,34979,卖盘
10:35:48,18.4,-0.01,55,101247,卖盘
10:35:51,18.42,0.02,38,69977,买盘
10:35:54,18.41,-0.01,38,69958,买盘
10:35:57,18.41,0.0,5,9205,卖盘
10:36:00,18.41,0.0,21,38661,买盘
10:36:06,18.4,-0.01,2,3680,卖盘
10:36:09,18.41,0.01,2,3682,买盘
10:36:21,18.4,-0.01,143,263120,卖盘
10:36:24,18.4,0.0,46,84683,卖盘
10:36:27,18.4,0.0,14,25759,买盘
10:36:30,18.4,0.0,2,3680,卖盘
10:36:33,18.41,0.01,80,147270,买盘
10:36:36,18.4,-0.01,27,49696,卖盘
10:36:39,18.41,0.01,20,36819,中性盘
10:36:42,18.42,0.01,33,60783,买盘
10:36:45,18.42,0.0,11,20260,买盘
10:36:48,18.4,-0.02,35,64400,卖盘
10:36:51,18.4,0.0,1,1840,卖盘
10:36:54,18.42,0.02,53,97595,买盘
10:36:57,18.41,-0.01,10,18407,买盘
10:37:00,18.41,0.0,1,1841,卖盘
10:37:03,18.41,0.0,8,14728,卖盘
10:37:06,18.41,0.0,7,12887,卖盘
10:37:09,18.42,0.01,7,12894,买盘
10:37:12,18.41,-0.01,23,42343,卖盘
10:37:15,18.41,0.0,24,44196,卖盘
10:37:18,18.41,0.0,48,88368,买盘
10:37:21,18.41,0.0,52,95732,买盘
10:37:24,18.41,0.0,32,58912,买盘
10:37:27,18.41,0.0,7,12887,卖盘
10:37:30,18.41,0.0,37,68121,卖盘
10:37:33,18.41,0.0,38,69958,买盘
10:37:39,18.4,-0.01,70,128800,卖盘
10:37:42,18.39,-0.01,26,47814,卖盘
10:37:48,18.39,0.0,5,9195,卖盘
10:37:51,18.39,0.0,323,594024,卖盘
10:37:54,18.39,0.0,35,64365,卖盘
10:37:57,18.39,0.0,27,49653,卖盘
10:38:00,18.4,0.01,315,579030,买盘
10:38:03,18.39,-0.01,12,22068,中性盘
10:38:06,18.39,0.0,30,55169,买盘
10:38:12,18.38,-0.01,5,9190,卖盘
10:38:15,18.38,0.0,6,11028,卖盘
10:38:18,18.38,0.0,10,18381,卖盘
10:38:21,18.39,0.01,14,25746,买盘
10:38:24,18.38,-0.01,6,11028,卖盘
10:38:30,18.38,0.0,276,507567,卖盘
10:38:36,18.4,0.02,45,82794,买盘
10:38:39,18.37,-0.03,109,200233,卖盘
10:38:42,18.37,0.0,2,3674,买盘
10:38:45,18.37,0.0,41,75317,买盘
10:38:51,18.37,0.0,52,95524,买盘
10:38:54,18.36,-0.01,50,91843,卖盘
10:39:03,18.37,0.01,51,93687,卖盘
10:39:09,18.39,0.02,50,91945,买盘
10:39:12,18.4,0.01,217,399280,买盘
10:39:15,18.4,0.0,1,1840,卖盘
10:39:18,18.4,0.0,533,980660,卖盘
10:39:21,18.4,0.0,39,71760,买盘
10:39:24,18.4,0.0,150,275977,买盘
10:39:27,18.4,0.0,41,75468,买盘
10:39:30,18.4,0.0,82,150917,卖盘
10:39:33,18.41,0.01,62,114135,买盘
10:39:36,18.4,-0.01,59,108598,中性盘
10:39:39,18.4,0.0,19,34960,卖盘
10:39:42,18.41,0.01,13,23927,买盘
10:39:45,18.41,0.0,17,31296,买盘
10:39:51,18.41,0.0,38,69946,买盘
10:39:54,18.41,0.0,41,75481,买盘
10:39:57,18.38,-0.03,5,9190,卖盘
10:40:09,18.38,0.0,35,64330,卖盘
10:40:12,18.4,0.02,21,38640,买盘
10:40:15,18.39,-0.01,51,93789,中性盘
10:40:21,18.38,-0.01,32,58828,卖盘
10:40:24,18.39,0.01,43,79077,买盘
10:40:27,18.38,-0.01,1,1838,卖盘
10:40:30,18.39,0.01,2,3678,中性盘
10:40:33,18.4,0.01,3,5520,买盘
10:40:39,18.38,-0.02,1,1838,卖盘
10:40:45,18.4,0.02,39,71744,买盘
10:40:48,18.38,-0.02,59,108450,卖盘
10:41:00,18.4,0.02,26,47815,买盘
10:41:06,18.38,-0.02,119,218759,卖盘
10:41:12,18.38,0.0,62,113956,卖盘
10:41:18,18.4,0.02,1334,2454047,买盘
10:41:21,18.38,-0.02,10,18380,中性盘
10:41:24,18.39,0.01,174,320114,中性盘
10:41:30,18.39,0.0,42,77238,中性盘
10:41:36,18.38,-0.01,5,9190,卖盘
10:41:39,18.38,0.0,1,1838,卖盘
10:41:42,18.38,0.0,38,69844,卖盘
10:41:45,18.38,0.0,31,56978,买盘
10:41:48,18.39,0.01,17,31247,买盘
10:41:51,18.37,-0.02,3,5511,卖盘
10:41:54,18.38,0.01,3,5514,买盘
10:41:57,18.37,-0.01,43,79032,卖盘
10:42:00,18.38,0.01,19,34922,买盘
10:42:03,18.37,-0.01,3,5511,卖盘
10:42:06,18.37,0.0,2,3674,卖盘
10:42:15,18.37,0.0,3,5511,卖盘
10:42:24,18.38,0.01,25,45950,买盘
10:42:27,18.38,0.0,27,49615,中性盘
10:42:30,18.37,-0.01,5,9185,卖盘
10:42:33,18.38,0.01,38,69844,卖盘
10:42:36,18.37,-0.01,1,1837,卖盘
10:42:42,18.37,0.0,9,16533,卖盘
10:42:45,18.38,0.01,229,421234,中性盘
10:42:48,18.37,-0.01,58,106591,卖盘
10:42:51,18.38,0.01,48,88239,买盘
10:42:54,18.37,-0.01,5,9185,卖盘
10:42:57,18.4,0.03,56,103036,买盘
10:43:00,18.38,-0.02,41,75358,卖盘
10:43:03,18.38,0.0,8,14704,中性盘
10:43:06,18.37,-0.01,36,66169,卖盘
10:43:09,18.37,0.0,6,11027,卖盘
10:43:12,18.37,0.0,1,1837,卖盘
10:43:15,18.39,0.02,38,69880,买盘
10:43:18,18.37,-0.02,9,16533,卖盘
10:43:24,18.37,0.0,1,1837,卖盘
10:43:27,18.39,0.02,223,410092,买盘
10:43:30,18.39,0.0,64,117696,卖盘
10:43:33,18.4,0.01,45,82788,买盘
10:43:36,18.39,-0.01,47,86412,中性盘
10:43:39,18.4,0.01,69,126925,买盘
10:43:42,18.37,-0.03,16,29392,卖盘
10:43:45,18.4,0.03,14,25748,买盘
10:43:48,18.37,-0.03,4,7348,卖盘
10:43:51,18.4,0.03,7,12870,买盘
10:43:54,18.4,0.0,35,64336,买盘
10:43:57,18.37,-0.03,63,115863,卖盘
10:44:00,18.37,0.0,3,5511,卖盘
10:44:03,18.37,0.0,31,56947,卖盘
10:44:06,18.37,0.0,19,34939,卖盘
10:44:09,18.37,0.0,59,108506,卖盘
10:44:12,18.37,0.0,2,3674,卖盘
10:44:15,18.39,0.02,13,23907,买盘
10:44:18,18.37,-0.02,8,14696,卖盘
10:44:21,18.37,0.0,21,38617,卖盘
10:44:24,18.37,0.0,5,9185,卖盘
10:44:30,18.37,0.0,10,18384,卖盘
10:44:33,18.37,0.0,1,1837,卖盘
10:44:39,18.37,0.0,4,7351,卖盘
10:44:42,18.37,0.0,50,91850,卖盘
10:44:45,18.37,0.0,34,62458,卖盘
10:44:48,18.37,0.0,119,218603,卖盘
10:44:51,18.37,0.0,41,75330,卖盘
10:44:54,18.38,0.01,21,38592,买盘
10:44:57,18.37,-0.01,34,62458,卖盘
10:45:00,18.37,0.0,36,66145,卖盘
10:45:03,18.37,0.0,8,14696,卖盘
10:45:06,18.38,0.01,22,40436,买盘
10:45:09,18.37,-0.01,28,51462,卖盘
10:45:12,18.4,0.03,84,154526,买盘
10:45:15,18.4,0.0,173,318237,买盘
10:45:18,18.39,-0.01,83,152604,中性盘
10:45:21,18.38,-0.01,13,23895,卖盘
10:45:24,18.39,0.01,94,172865,中性盘
10:45:27,18.37,-0.02,24,44098,卖盘
10:45:30,18.39,0.02,12,22068,买盘
10:45:33,18.38,-0.01,23,42274,卖盘
10:45:36,18.38,0.0,33,60649,卖盘
10:45:39,18.37,-0.01,48,88262,卖盘
10:45:42,18.39,0.02,10,18390,买盘
10:45:45,18.38,-0.01,14,25732,买盘
10:45:48,18.37,-0.01,47,86339,卖盘
10:45:51,18.36,-0.01,122,224033,卖盘
10:45:54,18.38,0.02,44,80872,买盘
10:45:57,18.36,-0.02,44,80790,卖盘
10:46:00,18.36,0.0,51,93634,买盘
10:46:03,18.35,-0.01,26,47722,卖盘
10:46:06,18.36,0.01,5,9178,买盘
10:46:09,18.35,-0.01,7,12845,卖盘
10:46:12,18.35,0.0,21,38550,卖盘
10:46:15,18.35,0.0,1,1835,卖盘
10:46:18,18.35,0.0,20,36700,卖盘
10:46:24,18.35,0.0,1,1835,卖盘
10:46:27,18.36,0.01,48,88128,买盘
10:46:30,18.35,-0.01,1,1835,卖盘
10:46:36,18.35,0.0,77,141307,卖盘
10:46:39,18.36,0.01,3,5508,买盘
10:46:45,18.35,-0.01,64,117440,卖盘
10:46:48,18.35,0.0,13,23855,买盘
10:46:54,18.35,0.0,45,82575,买盘
10:46:57,18.34,-0.01,5,9170,卖盘
10:47:03,18.34,0.0,18,33015,卖盘
10:47:06,18.35,0.01,16,29360,买盘
10:47:09,18.33,-0.02,113,207225,卖盘
10:47:12,18.34,0.01,39,71524,买盘
10:47:15,18.33,-0.01,16,29342,中性盘
10:47:18,18.34,0.01,21,38514,买盘
10:47:24,18.33,-0.01,15,27495,买盘
10:47:27,18.33,0.0,4,7332,卖盘
10:47:30,18.33,0.0,64,117362,卖盘
10:47:33,18.34,0.01,45,82523,买盘
10:47:36,18.34,0.0,7,12838,买盘
10:47:39,18.33,-0.01,30,54990,卖盘
10:47:42,18.33,0.0,19,34857,卖盘
10:47:45,18.34,0.01,5,9170,买盘
10:47:48,18.34,0.0,62,113708,卖盘
10:47:51,18.34,0.0,19,34846,买盘
10:47:54,18.34,0.0,28,51352,卖盘
10:47:57,18.34,0.0,23,42196,中性盘
10:48:00,18.34,0.0,14,25689,卖盘
10:48:06,18.34,0.0,48,88059,卖盘
10:48:09,18.34,0.0,88,161392,卖盘
10:48:12,18.34,0.0,1,1834,买盘
10:48:15,18.34,0.0,25,45832,买盘
10:48:18,18.34,0.0,11,20174,卖盘
10:48:21,18.33,-0.01,37,67838,卖盘
10:48:24,18.35,0.02,15,27519,买盘
10:48:27,18.34,-0.01,12,22001,买盘
10:48:30,18.34,0.0,21,38514,卖盘
10:48:33,18.34,0.0,15,27510,卖盘
10:48:36,18.34,0.0,25,45850,买盘
10:48:39,18.34,0.0,7,12838,卖盘
10:48:42,18.34,0.0,1,1834,卖盘
10:48:45,18.34,0.0,2,3668,卖盘
10:48:48,18.34,0.0,12,22008,卖盘
10:48:51,18.35,0.01,42,77066,买盘
10:48:54,18.35,0.0,24,44028,买盘
10:48:57,18.35,0.0,54,99086,买盘
10:49:00,18.35,0.0,24,44028,买盘
10:49:03,18.34,-0.01,3,5502,卖盘
10:49:09,18.34,0.0,4,7336,卖盘
10:49:12,18.34,0.0,24,44016,卖盘
10:49:15,18.34,0.0,103,188940,卖盘
10:49:21,18.36,0.02,146,267935,买盘
10:49:24,18.36,0.0,64,117504,卖盘
10:49:27,18.36,0.0,17,31212,卖盘
10:49:30,18.38,0.02,39,71672,买盘
10:49:33,18.36,-0.02,8,14688,卖盘
10:49:36,18.38,0.02,14,25732,买盘
10:49:39,18.36,-0.02,4,7344,卖盘
10:49:45,18.38,0.02,10,18380,买盘
10:49:48,18.36,-0.02,2,3672,卖盘
10:49:51,18.38,0.02,85,156297,买盘
10:49:54,18.39,0.01,69,126841,买盘
10:49:57,18.36,-0.03,20,36720,卖盘
10:50:00,18.38,0.02,68,125018,中性盘
10:50:03,18.37,-0.01,18,33066,卖盘
10:50:06,18.38,0.01,43,79013,买盘
10:50:09,18.37,-0.01,49,90051,卖盘
10:50:12,18.39,0.02,299,549855,买盘
10:50:15,18.36,-0.03,77,141401,卖盘
10:50:18,18.36,0.0,48,88294,卖盘
10:50:21,18.4,0.04,76,139742,买盘
10:50:24,18.36,-0.04,11,20203,卖盘
10:50:27,18.38,0.02,27,49626,买盘
10:50:30,18.37,-0.01,7,12859,卖盘
10:50:33,18.37,0.0,3,5511,卖盘
10:50:39,18.38,0.01,14,25728,买盘
10:50:42,18.39,0.01,1014,1863736,买盘
10:50:45,18.4,0.01,193,354876,买盘
10:50:48,18.4,0.0,566,1041435,买盘
10:50:51,18.4,0.0,31,57060,卖盘
10:50:54,18.41,0.01,74,136228,买盘
10:50:57,18.41,0.0,56,103096,买盘
10:51:00,18.41,0.0,100,184100,买盘
10:51:03,18.4,-0.01,251,462291,卖盘
10:51:06,18.41,0.01,46,84686,买盘
10:51:12,18.41,0.0,65,119665,买盘
10:51:15,18.4,-0.01,21,38642,卖盘
10:51:18,18.41,0.01,39,71822,买盘
10:51:21,18.41,0.0,16,29469,卖盘
10:51:24,18.41,0.0,1,1841,卖盘
10:51:27,18.41,0.0,58,106778,卖盘
10:51:30,18.41,0.0,16,29456,卖盘
10:51:36,18.41,0.0,66,121532,卖盘
10:51:42,18.42,0.01,25,46030,买盘
10:51:45,18.42,0.0,26,47888,买盘
10:51:51,18.42,0.0,248,456804,买盘
10:51:54,18.42,0.0,112,206284,买盘
10:51:57,18.4,-0.02,1,1840,卖盘
10:52:15,18.42,0.02,18,33152,买盘
10:52:18,18.4,-0.02,4,7360,卖盘
10:52:21,18.42,0.02,20,36839,买盘
10:52:24,18.41,-0.01,38,69958,卖盘
10:52:30,18.41,0.0,14,25774,卖盘
10:52:33,18.42,0.01,151,278142,买盘
10:52:36,18.42,0.0,41,75521,买盘
10:52:39,18.42,0.0,31,57097,买盘
10:52:42,18.42,0.0,336,618903,买盘
10:52:45,18.42,0.0,24,44208,买盘
10:52:48,18.42,0.0,22,40524,买盘
10:52:51,18.42,0.0,28,51576,买盘
10:52:54,18.42,0.0,42,77364,买盘
10:52:57,18.42,0.0,78,143676,买盘
10:53:00,18.42,0.0,21,38682,买盘
10:53:03,18.42,0.0,22,40524,买盘
10:53:06,18.42,0.0,24,44188,买盘
10:53:09,18.42,0.0,5,9210,买盘
10:53:15,18.42,0.0,4,7368,买盘
10:53:18,18.42,0.0,22,40763,买盘
10:53:21,18.42,0.0,3,5287,卖盘
10:53:24,18.42,0.0,45,82890,买盘
10:53:27,18.43,0.01,39,71856,买盘
10:53:30,18.43,0.0,159,293036,买盘
10:53:33,18.43,0.0,143,263544,买盘
10:53:36,18.42,-0.01,42,77364,买盘
10:53:39,18.42,0.0,6,11052,卖盘
10:53:42,18.42,0.0,59,108706,卖盘
10:53:45,18.41,-0.01,2,3682,卖盘
10:53:48,18.42,0.01,9,16578,买盘
10:53:51,18.42,0.0,3,5526,买盘
10:53:57,18.42,0.0,20,36840,买盘
10:54:00,18.41,-0.01,50,92074,卖盘
10:54:03,18.42,0.01,27,49734,买盘
10:54:09,18.41,-0.01,14,25774,卖盘
10:54:15,18.42,0.01,44,81048,买盘
10:54:18,18.42,0.0,62,114204,买盘
10:54:21,18.43,0.01,342,630209,买盘
10:54:24,18.42,-0.01,82,151119,卖盘
10:54:27,18.43,0.01,144,265317,买盘
10:54:30,18.42,-0.01,123,226566,卖盘
10:54:33,18.42,0.0,27,49734,买盘
10:54:36,18.42,0.0,63,116004,买盘
10:54:45,18.42,0.0,3,5526,买盘
10:54:51,18.41,-0.01,2,3682,卖盘
10:54:54,18.42,0.01,9,16570,买盘
10:54:57,18.41,-0.01,49,90253,卖盘
10:55:03,18.42,0.01,11,20262,买盘
10:55:06,18.41,-0.01,14,25774,卖盘
10:55:09,18.41,0.0,186,342437,卖盘
10:55:12,18.42,0.01,302,556254,买盘
10:55:15,18.41,-0.01,24,44206,卖盘
10:55:18,18.41,0.0,30,55241,卖盘
10:55:21,18.41,0.0,7,12893,卖盘
10:55:27,18.43,0.02,6,11055,买盘
10:55:30,18.41,-0.02,3,5524,卖盘
10:55:33,18.43,0.02,3,5529,买盘
10:55:39,18.43,0.0,79,145551,买盘
10:55:42,18.43,0.0,3,5529,买盘
10:55:45,18.42,-0.01,7,12899,中性盘
10:55:48,18.42,0.0,5,9210,中性盘
10:55:51,18.43,0.01,13,23950,买盘
10:55:54,18.41,-0.02,17,31300,卖盘
10:55:57,18.42,0.01,8,14736,买盘
10:56:00,18.43,0.01,4,7372,买盘
10:56:03,18.43,0.0,354,652367,买盘
10:56:09,18.43,0.0,5,9213,买盘
10:56:12,18.42,-0.01,36,66347,卖盘
10:56:15,18.43,0.01,8,14744,买盘
10:56:18,18.43,0.0,58,106882,买盘
10:56:21,18.43,0.0,20,36860,买盘
10:56:24,18.43,0.0,28,51604,买盘
10:56:27,18.43,0.0,76,140067,买盘
10:56:30,18.44,0.01,197,363313,买盘
10:56:33,18.44,0.0,64,117986,买盘
10:56:36,18.44,0.0,105,193600,买盘
10:56:39,18.44,0.0,765,1410660,买盘
10:56:42,18.45,0.01,7,12911,买盘
10:56:45,18.44,-0.01,3,5532,卖盘
10:56:51,18.45,0.01,26,47967,买盘
10:56:54,18.44,-0.01,275,507374,卖盘
10:56:57,18.45,0.01,3,5535,买盘
10:57:00,18.45,0.0,53,97752,买盘
10:57:03,18.45,0.0,42,77490,买盘
10:57:06,18.44,-0.01,22,40588,卖盘
10:57:09,18.45,0.01,122,225070,买盘
10:57:12,18.44,-0.01,1,1844,卖盘
10:57:15,18.44,0.0,10,18440,卖盘
10:57:18,18.44,0.0,15,27660,卖盘
10:57:21,18.44,0.0,179,330071,卖盘
10:57:24,18.44,0.0,103,189905,买盘
10:57:27,18.44,0.0,24,44245,买盘
10:57:30,18.44,0.0,1,1844,卖盘
10:57:33,18.44,0.0,21,38724,卖盘
10:57:36,18.44,0.0,55,101458,卖盘
10:57:39,18.44,0.0,27,49788,卖盘
10:57:42,18.44,0.0,292,538441,买盘
10:57:45,18.44,0.0,20,36880,买盘
10:57:48,18.43,-0.01,58,106932,中性盘
10:57:57,18.43,0.0,44,81092,买盘
10:58:00,18.42,-0.01,29,53418,卖盘
10:58:03,18.42,0.0,1,1842,卖盘
10:58:06,18.42,0.0,7,12894,卖盘
10:58:09,18.42,0.0,10,18420,卖盘
10:58:12,18.42,0.0,42,77374,卖盘
10:58:15,18.43,0.01,38,69999,买盘
10:58:18,18.42,-0.01,36,66312,中性盘
10:58:24,18.43,0.01,42,77402,买盘
10:58:27,18.42,-0.01,6,11052,卖盘
10:58:30,18.43,0.01,38,70034,买盘
10:58:33,18.44,0.01,404,744833,买盘
10:58:36,18.42,-0.02,17,31314,卖盘
10:58:39,18.42,0.0,6,11052,卖盘
10:58:42,18.43,0.01,3,5529,买盘
10:58:45,18.42,-0.01,27,49734,卖盘
10:58:51,18.44,0.02,47,86644,买盘
10:58:54,18.43,-0.01,5,9215,卖盘
10:58:57,18.44,0.01,114,210216,买盘
10:59:03,18.44,0.0,3,5532,买盘
10:59:06,18.45,0.01,43,79322,买盘
10:59:09,18.44,-0.01,35,64540,中性盘
10:59:12,18.45,0.01,44,81126,买盘
10:59:15,18.42,-0.03,43,79320,卖盘
10:59:18,18.45,0.03,8,14755,买盘
10:59:21,18.45,0.0,150,276699,买盘
10:59:24,18.45,0.0,188,346859,买盘
10:59:27,18.44,-0.01,53,97776,中性盘
10:59:30,18.45,0.01,35,64546,买盘
10:59:33,18.45,0.0,16,29514,买盘
10:59:36,18.45,0.0,7,12911,买盘
10:59:39,18.44,-0.01,3,5532,买盘
10:59:42,18.44,0.0,5,9220,买盘
10:59:48,18.44,0.0,8,14752,卖盘
10:59:51,18.44,0.0,23,42415,卖盘
10:59:54,18.44,0.0,5,9223,卖盘
10:59:57,18.45,0.01,15,27675,买盘
11:00:00,18.45,0.0,10,18450,买盘
11:00:03,18.45,0.0,7,12915,买盘
11:00:06,18.45,0.0,12,22140,买盘
11:00:09,18.45,0.0,56,103320,买盘
11:00:12,18.45,0.0,379,699245,买盘
11:00:15,18.45,0.0,289,533097,买盘
11:00:18,18.45,0.0,27,49814,买盘
11:00:21,18.45,0.0,2,3690,买盘
11:00:24,18.44,-0.01,1,1844,卖盘
11:00:27,18.45,0.01,235,433561,买盘
11:00:30,18.44,-0.01,69,127259,卖盘
11:00:33,18.45,0.01,115,212175,买盘
11:00:36,18.45,0.0,27,49809,买盘
11:00:39,18.45,0.0,103,189935,买盘
11:00:42,18.45,0.0,78,143855,买盘
11:00:45,18.45,0.0,1,1845,买盘
11:00:48,18.44,-0.01,6,11064,卖盘
11:00:51,18.44,0.0,7,12911,卖盘
11:00:54,18.44,0.0,13,23982,卖盘
11:00:57,18.44,0.0,149,274772,卖盘
11:01:03,18.45,0.01,315,581159,买盘
11:01:06,18.46,0.01,568,1048388,买盘
11:01:09,18.46,0.0,30,55371,买盘
11:01:12,18.46,0.0,60,110759,买盘
11:01:15,18.46,0.0,43,79363,买盘
11:01:18,18.46,0.0,4,7384,买盘
11:01:21,18.46,0.0,53,97828,买盘
11:01:24,18.46,0.0,55,101554,买盘
11:01:27,18.46,0.0,74,136604,卖盘
11:01:30,18.47,0.01,219,404376,买盘
11:01:33,18.46,-0.01,107,197553,卖盘
11:01:36,18.45,-0.01,1,1845,卖盘
11:01:39,18.45,0.0,1,1845,卖盘
11:01:42,18.45,0.0,2,3690,卖盘
11:01:45,18.46,0.01,107,197517,买盘
11:01:48,18.45,-0.01,28,51660,卖盘
11:01:54,18.47,0.02,261,482057,买盘
11:01:57,18.45,-0.02,79,145895,卖盘
11:02:00,18.45,0.0,11,20295,卖盘
11:02:06,18.46,0.01,3,5538,买盘
11:02:09,18.46,0.0,13,23998,买盘
11:02:12,18.45,-0.01,21,38748,卖盘
11:02:15,18.46,0.01,173,319335,买盘
11:02:18,18.47,0.01,41,75719,买盘
11:02:21,18.45,-0.02,86,158784,卖盘
11:02:24,18.45,0.0,46,84908,卖盘
11:02:27,18.45,0.0,48,88654,卖盘
11:02:33,18.47,0.02,38,70184,买盘
11:02:36,18.45,-0.02,21,38757,卖盘
11:02:39,18.47,0.02,11,20317,买盘
11:02:42,18.45,-0.02,1,1845,卖盘
11:02:45,18.46,0.01,325,599926,买盘
11:02:51,18.45,-0.01,3,5535,卖盘
11:02:57,18.46,0.01,4,7384,卖盘
11:03:00,18.46,0.0,49,90454,卖盘
11:03:03,18.45,-0.01,16,29531,卖盘
11:03:06,18.46,0.01,16,29536,买盘
11:03:12,18.46,0.0,3,5537,买盘
11:03:18,18.46,0.0,110,203060,买盘
11:03:24,18.46,0.0,5,9230,买盘
11:03:27,18.46,0.0,44,81223,买盘
11:03:33,18.47,0.01,284,524543,买盘
11:03:36,18.46,-0.01,35,64628,中性盘
11:03:39,18.46,0.0,1,1846,中性盘
11:03:42,18.46,0.0,3,5538,卖盘
11:03:45,18.45,-0.01,3,5537,卖盘
11:03:48,18.46,0.01,14,25844,买盘
11:03:51,18.45,-0.01,12,22140,卖盘
11:03:57,18.46,0.01,42,77532,买盘
11:04:00,18.45,-0.01,4,7380,卖盘
11:04:03,18.46,0.01,117,215883,买盘
11:04:06,18.45,-0.01,28,51660,中性盘
11:04:09,18.45,0.0,2,3690,卖盘
11:04:12,18.46,0.01,10,18456,买盘
11:04:18,18.45,-0.01,2,3690,卖盘
11:04:24,18.45,0.0,389,717779,卖盘
11:04:27,18.45,0.0,59,108853,买盘
11:04:33,18.43,-0.02,11,20273,卖盘
11:04:36,18.43,0.0,1,1843,卖盘
11:04:39,18.45,0.02,9,16603,买盘
11:04:45,18.44,-0.01,5,9218,买盘
11:04:51,18.44,0.0,4,7376,买盘
11:04:54,18.44,0.0,24,44256,买盘
11:04:57,18.44,0.0,44,81136,买盘
11:05:00,18.44,0.0,36,66384,买盘
11:05:03,18.44,0.0,13,23972,卖盘
11:05:06,18.43,-0.01,115,212053,卖盘
11:05:09,18.44,0.01,15,27654,中性盘
11:05:12,18.45,0.01,76,140189,买盘
11:05:15,18.43,-0.02,237,437213,卖盘
11:05:18,18.44,0.01,5,9217,中性盘
11:05:21,18.44,0.0,2,3688,中性盘
11:05:24,18.45,0.01,44,81177,买盘
11:05:27,18.44,-0.01,3,5532,中性盘
11:05:39,18.44,0.0,14,25816,卖盘
11:05:42,18.44,0.0,6,11064,卖盘
11:05:45,18.44,0.0,70,129080,卖盘
11:05:48,18.44,0.0,15,27663,卖盘
11:05:51,18.44,0.0,27,49788,卖盘
11:05:54,18.44,0.0,48,88534,卖盘
11:05:57,18.45,0.01,9,16599,买盘
11:06:00,18.44,-0.01,5,9220,卖盘
11:06:03,18.46,0.02,275,507420,买盘
11:06:06,18.45,-0.01,36,66449,中性盘
11:06:09,18.44,-0.01,34,62700,卖盘
11:06:12,18.45,0.01,3,5535,买盘
11:06:15,18.45,0.0,3,5535,买盘
11:06:18,18.45,0.0,3,5535,买盘
11:06:21,18.45,0.0,16,29506,买盘
11:06:24,18.44,-0.01,24,44260,卖盘
11:06:27,18.45,0.01,43,79335,买盘
11:06:30,18.45,0.0,33,60885,买盘
11:06:33,18.44,-0.01,100,184400,卖盘
11:06:39,18.44,0.0,1,1844,卖盘
11:06:42,18.44,0.0,84,154896,卖盘
11:06:54,18.45,0.01,296,546003,买盘
11:06:57,18.44,-0.01,2,3688,中性盘
11:07:00,18.45,0.01,34,62730,买盘
11:07:06,18.45,0.0,7,12915,买盘
11:07:12,18.45,0.0,3,5535,买盘
11:07:15,18.45,0.0,13,23976,买盘
11:07:21,18.45,0.0,8,14755,买盘
11:07:24,18.44,-0.01,75,138300,卖盘
11:07:27,18.45,0.01,45,83022,买盘
11:07:30,18.44,-0.01,4,7379,卖盘
11:07:33,18.44,0.0,7,12908,卖盘
11:07:36,18.45,0.01,3,5535,买盘
11:07:42,18.45,0.0,4,7380,买盘
11:07:45,18.46,0.01,305,562812,买盘
11:07:48,18.45,-0.01,23,42435,卖盘
11:07:51,18.45,0.0,26,47969,买盘
11:07:57,18.45,0.0,33,60885,买盘
11:08:00,18.45,0.0,30,55350,卖盘
11:08:03,18.45,0.0,3,5535,买盘
11:08:06,18.45,0.0,25,46125,买盘
11:08:09,18.46,0.01,85,156850,买盘
11:08:12,18.44,-0.02,23,42420,卖盘
11:08:15,18.45,0.01,86,158670,买盘
11:08:18,18.45,0.0,26,47968,卖盘
11:08:24,18.45,0.0,11,20298,卖盘
11:08:30,18.46,0.01,3,5538,买盘
11:08:33,18.46,0.0,23,42453,买盘
11:08:36,18.47,0.01,281,518779,买盘
11:08:39,18.46,-0.01,5,9230,中性盘
11:08:42,18.46,0.0,8,14768,卖盘
11:08:45,18.47,0.01,19,35089,买盘
11:08:48,18.46,-0.01,14,25844,卖盘
11:08:51,18.47,0.01,10,18467,买盘
11:08:54,18.47,0.0,14,25848,买盘
11:08:57,18.47,0.0,1,1847,买盘
11:09:03,18.47,0.0,6,11082,买盘
11:09:06,18.47,0.0,15,27705,买盘
11:09:09,18.47,0.0,51,94197,买盘
11:09:15,18.47,0.0,43,79401,买盘
11:09:18,18.47,0.0,28,51716,买盘
11:09:24,18.47,0.0,130,240110,买盘
11:09:27,18.47,0.0,196,362201,中性盘
11:09:30,18.48,0.01,113,208809,买盘
11:09:36,18.47,-0.01,105,194037,卖盘
11:09:42,18.48,0.01,38,70224,买盘
11:09:45,18.48,0.0,3,5544,买盘
11:09:48,18.48,0.0,46,85008,买盘
11:09:51,18.48,0.0,38,70224,买盘
11:09:54,18.47,-0.01,6,11087,卖盘
11:09:57,18.48,0.01,109,201432,买盘
11:10:00,18.48,0.0,4,7392,买盘
11:10:03,18.47,-0.01,44,81268,卖盘
11:10:06,18.48,0.01,55,101625,买盘
11:10:12,18.47,-0.01,3,5541,卖盘
11:10:15,18.48,0.01,403,744693,买盘
11:10:18,18.47,-0.01,129,238389,卖盘
11:10:21,18.47,0.0,2,3695,卖盘
11:10:24,18.48,0.01,12,22176,买盘
11:10:27,18.48,0.0,4,7392,买盘
11:10:30,18.48,0.0,1,1848,买盘
11:10:33,18.47,-0.01,29,53572,卖盘
11:10:36,18.47,0.0,13,24011,卖盘
11:10:39,18.48,0.01,39,72069,买盘
11:10:42,18.47,-0.01,9,16623,卖盘
11:10:45,18.47,0.0,15,27705,卖盘
11:10:48,18.48,0.01,41,75768,买盘
11:10:51,18.47,-0.01,18,33246,卖盘
11:10:54,18.48,0.01,3,5544,买盘
11:10:57,18.48,0.0,44,81311,买盘
11:11:00,18.47,-0.01,312,576264,卖盘
11:11:03,18.46,-0.01,24,44327,卖盘
11:11:06,18.47,0.01,355,655932,买盘
11:11:09,18.47,0.0,12,22164,卖盘
11:11:12,18.47,0.0,88,162620,卖盘
11:11:15,18.47,0.0,1,1847,卖盘
11:11:18,18.48,0.01,68,125634,买盘
11:11:21,18.48,0.0,14,25869,买盘
11:11:24,18.48,0.0,3,5544,买盘
11:11:27,18.48,0.0,84,155203,买盘
11:11:30,18.47,-0.01,10,18470,卖盘
11:11:33,18.48,0.01,29,53592,买盘
11:11:39,18.47,-0.01,10,18470,卖盘
11:11:42,18.47,0.0,50,92350,卖盘
11:11:48,18.47,0.0,18,33261,卖盘
11:11:51,18.47,0.0,6,11082,卖盘
11:11:54,18.48,0.01,109,201410,买盘
11:11:57,18.48,0.0,216,399168,买盘
11:12:00,18.47,-0.01,87,160759,卖盘
11:12:03,18.48,0.01,281,519122,买盘
11:12:12,18.48,0.0,69,127512,买盘
11:12:15,18.47,-0.01,10,18470,卖盘
11:12:18,18.47,0.0,50,92370,卖盘
11:12:21,18.48,0.01,29,53592,买盘
11:12:24,18.48,0.0,57,105326,买盘
11:12:27,18.48,0.0,28,51744,买盘
11:12:30,18.48,0.0,5,9240,买盘
11:12:33,18.48,0.0,33,60984,买盘
11:12:42,18.48,0.0,13,24023,买盘
11:12:45,18.48,0.0,217,401016,买盘
11:12:48,18.48,0.0,76,140448,买盘
11:12:51,18.47,-0.01,147,271547,卖盘
11:12:54,18.47,0.0,68,125661,卖盘
11:12:57,18.48,0.01,71,131208,买盘
11:13:00,18.48,0.0,142,262416,买盘
11:13:03,18.47,-0.01,35,64674,卖盘
11:13:06,18.48,0.01,140,258710,买盘
11:13:09,18.47,-0.01,32,59133,卖盘
11:13:12,18.47,0.0,56,103478,卖盘
11:13:15,18.48,0.01,85,157005,买盘
11:13:18,18.48,0.0,17,31403,买盘
11:13:21,18.48,0.0,63,116424,买盘
11:13:24,18.48,0.0,73,134903,买盘
11:13:27,18.48,0.0,35,64671,买盘
11:13:30,18.48,0.0,24,44352,卖盘
11:13:33,18.48,0.0,37,68391,卖盘
11:13:36,18.49,0.01,338,624882,买盘
11:13:39,18.49,0.0,44,81323,买盘
11:13:42,18.49,0.0,144,266151,买盘
11:13:45,18.47,-0.02,5,9235,卖盘
11:13:48,18.48,0.01,25,46200,买盘
11:13:51,18.47,-0.01,20,36942,卖盘
11:13:57,18.48,0.01,43,79464,买盘
11:14:03,18.48,0.0,17,31416,买盘
11:14:06,18.46,-0.02,149,275191,卖盘
11:14:09,18.46,0.0,18,33238,卖盘
11:14:12,18.47,0.01,31,57257,买盘
11:14:18,18.47,0.0,14,25858,买盘
11:14:24,18.47,0.0,41,75717,买盘
11:14:27,18.47,0.0,311,574417,买盘
11:14:33,18.48,0.01,84,155197,买盘
11:14:36,18.48,0.0,38,70224,买盘
11:14:39,18.47,-0.01,15,27705,中性盘
11:14:42,18.48,0.01,36,66528,买盘
11:14:48,18.48,0.0,71,131208,买盘
11:14:51,18.48,0.0,8,14784,卖盘
11:14:54,18.48,0.0,44,81298,卖盘
11:14:57,18.46,-0.02,49,90550,卖盘
11:15:00,18.48,0.02,25,46200,买盘
11:15:03,18.48,0.0,52,96096,买盘
11:15:09,18.47,-0.01,16,29555,卖盘
11:15:12,18.48,0.01,13,24024,买盘
11:15:15,18.49,0.01,216,399324,买盘
11:15:18,18.48,-0.01,97,179341,买盘
11:15:21,18.48,0.0,8,14784,卖盘
11:15:24,18.49,0.01,46,85054,买盘
11:15:27,18.49,0.0,21,38824,买盘
11:15:30,18.47,-0.02,100,184784,卖盘
11:15:33,18.49,0.02,14,25886,买盘
11:15:36,18.49,0.0,5,9244,买盘
11:15:39,18.48,-0.01,21,38824,卖盘
11:15:42,18.48,0.0,55,101640,卖盘
11:15:45,18.48,0.0,21,38808,买盘
11:15:48,18.48,0.0,15,27720,买盘
11:15:51,18.48,0.0,40,73920,买盘
11:15:54,18.48,0.0,3,5544,买盘
11:15:57,18.48,0.0,55,101640,买盘
11:16:00,18.48,0.0,3,5544,买盘
11:16:03,18.48,0.0,77,142254,买盘
11:16:06,18.49,0.01,203,375156,买盘
11:16:09,18.48,-0.01,120,221871,卖盘
11:16:12,18.49,0.01,111,205214,买盘
11:16:18,18.49,0.0,44,81346,买盘
11:16:21,18.48,-0.01,71,131222,卖盘
11:16:24,18.49,0.01,12,22188,买盘
11:16:27,18.49,0.0,234,432465,买盘
11:16:33,18.49,0.0,91,168221,买盘
11:16:36,18.48,-0.01,1,1848,卖盘
11:16:39,18.49,0.01,18,33273,买盘
11:16:45,18.48,-0.01,23,42526,卖盘
11:16:48,18.49,0.01,30,55470,买盘
11:16:51,18.49,0.0,53,97997,买盘
11:16:54,18.48,-0.01,2,3696,卖盘
11:16:57,18.49,0.01,479,885570,买盘
11:17:00,18.48,-0.01,42,77654,卖盘
11:17:03,18.49,0.01,132,244066,买盘
11:17:06,18.49,0.0,49,90556,买盘
11:17:09,18.47,-0.02,18,33247,卖盘
11:17:12,18.49,0.02,47,86899,买盘
11:17:18,18.49,0.0,12,22178,买盘
11:17:21,18.49,0.0,12,22188,买盘
11:17:24,18.47,-0.02,1,1847,卖盘
11:17:27,18.49,0.02,59,109067,买盘
11:17:39,18.48,-0.01,52,96082,买盘
11:17:42,18.48,0.0,27,49881,中性盘
11:17:45,18.48,0.0,82,151536,买盘
11:17:48,18.48,0.0,308,569487,卖盘
11:17:51,18.48,0.0,50,92444,卖盘
11:17:54,18.48,0.0,24,44367,卖盘
11:17:57,18.49,0.01,89,164559,买盘
11:18:00,18.48,-0.01,74,136756,卖盘
11:18:03,18.48,0.0,35,64680,卖盘
11:18:06,18.47,-0.01,49,90529,卖盘
11:18:09,18.48,0.01,76,140471,买盘
11:18:12,18.48,0.0,51,94248,买盘
11:18:15,18.48,0.0,41,75768,买盘
11:18:18,18.47,-0.01,87,160784,卖盘
11:18:21,18.48,0.01,33,60984,中性盘
11:18:24,18.48,0.0,29,53620,卖盘
11:18:27,18.48,0.0,30,55437,买盘
11:18:30,18.48,0.0,11,20328,卖盘
11:18:33,18.48,0.0,22,40656,卖盘
11:18:36,18.49,0.01,258,476954,买盘
11:18:39,18.47,-0.02,426,787379,卖盘
11:18:42,18.48,0.01,71,131208,中性盘
11:18:45,18.48,0.0,49,90551,买盘
11:18:48,18.48,0.0,110,203280,买盘
11:18:51,18.48,0.0,3,5544,买盘
11:18:54,18.48,0.0,185,341880,买盘
11:18:57,18.48,0.0,31,57288,卖盘
11:19:00,18.49,0.01,57,105393,买盘
11:19:03,18.48,-0.01,10,18484,卖盘
11:19:06,18.48,0.0,130,240240,卖盘
11:19:09,18.48,0.0,17,31416,卖盘
11:19:12,18.48,0.0,26,48051,卖盘
11:19:15,18.49,0.01,33,61017,买盘
11:19:18,18.49,0.0,4,7395,买盘
11:19:21,18.48,-0.01,1,1848,卖盘
11:19:24,18.49,0.01,7,12940,买盘
11:19:27,18.49,0.0,214,395686,买盘
11:19:30,18.49,0.0,84,155316,买盘
11:19:33,18.49,0.0,60,110940,买盘
11:19:36,18.49,0.0,106,195994,买盘
11:19:42,18.48,-0.01,1,1848,卖盘
11:19:48,18.49,0.01,3,5547,买盘
11:19:54,18.48,-0.01,7,12939,卖盘
11:19:57,18.49,0.01,93,171907,买盘
11:20:00,18.49,0.0,77,142373,买盘
11:20:03,18.49,0.0,20,36980,买盘
11:20:06,18.47,-0.02,149,275353,卖盘
11:20:09,18.47,0.0,231,426678,卖盘
11:20:12,18.48,0.01,31,57288,买盘
11:20:18,18.49,0.01,450,831851,买盘
11:20:27,18.48,-0.01,50,92406,买盘
11:20:30,18.46,-0.02,10,18460,卖盘
11:20:39,18.48,0.02,4,7392,买盘
11:20:42,18.48,0.0,39,72072,买盘
11:20:45,18.47,-0.01,38,70186,中性盘
11:20:48,18.46,-0.01,33,60921,卖盘
11:20:51,18.47,0.01,5,9235,买盘
11:20:54,18.47,0.0,1,1847,中性盘
11:20:57,18.47,0.0,79,145926,中性盘
11:21:00,18.46,-0.01,8,14768,卖盘
11:21:06,18.48,0.02,634,1170541,买盘
11:21:09,18.45,-0.03,192,354909,卖盘
11:21:15,18.47,0.02,48,88656,买盘
11:21:18,18.48,0.01,49,90524,买盘
11:21:21,18.46,-0.02,23,42458,卖盘
11:21:24,18.48,0.02,90,166316,买盘
11:21:27,18.48,0.0,56,103476,买盘
11:21:30,18.46,-0.02,23,42458,卖盘
11:21:33,18.46,0.0,8,14768,买盘
11:21:36,18.46,0.0,52,95988,卖盘
11:21:39,18.46,0.0,21,38877,买盘
11:21:42,18.45,-0.01,1,1846,卖盘
11:21:45,18.46,0.01,1,1846,卖盘
11:21:48,18.46,0.0,45,83073,卖盘
11:21:54,18.47,0.01,10,18465,买盘
11:21:57,18.47,0.0,297,548623,买盘
11:22:00,18.47,0.0,54,99738,卖盘
11:22:03,18.48,0.01,14,25868,买盘
11:22:06,18.48,0.0,44,81255,买盘
11:22:09,18.45,-0.03,23,42440,卖盘
11:22:12,18.45,0.0,2,3690,卖盘
11:22:15,18.46,0.01,4,7384,买盘
11:22:18,18.46,0.0,4,7383,买盘
11:22:24,18.46,0.0,3,5538,买盘
11:22:27,18.46,0.0,48,88603,买盘
11:22:30,18.45,-0.01,16,29523,卖盘
11:22:36,18.45,0.0,5,9229,卖盘
11:22:39,18.43,-0.02,254,468264,卖盘
11:22:42,18.46,0.03,3,5538,买盘
11:22:48,18.46,0.0,13,23996,买盘
11:22:51,18.46,0.0,18,33227,买盘
11:22:57,18.46,0.0,43,79378,买盘
11:23:00,18.46,0.0,5,9229,买盘
11:23:03,18.46,0.0,12,22122,买盘
11:23:06,18.45,-0.01,28,51651,中性盘
11:23:09,18.46,0.01,43,79376,买盘
11:23:15,18.45,-0.01,27,49815,卖盘
11:23:18,18.46,0.01,4,7381,买盘
11:23:27,18.45,-0.01,117,215721,买盘
11:23:30,18.45,0.0,27,49801,买盘
11:23:33,18.46,0.01,24,44288,买盘
11:23:48,18.43,-0.03,2,3686,卖盘
11:23:51,18.44,0.01,47,86623,买盘
11:23:57,18.44,0.0,48,88511,买盘
11:24:00,18.43,-0.01,1,1843,卖盘
11:24:03,18.43,0.0,7,12906,卖盘
11:24:06,18.44,0.01,9,16589,买盘
11:24:09,18.43,-0.01,7,12901,卖盘
11:24:12,18.43,0.0,12,22124,卖盘
11:24:15,18.43,0.0,43,79249,卖盘
11:24:18,18.44,0.01,28,51609,买盘
11:24:24,18.43,-0.01,41,75638,卖盘
11:24:27,18.44,0.01,49,90351,买盘
11:24:30,18.45,0.01,38,70106,买盘
11:24:33,18.45,0.0,89,164202,买盘
11:24:36,18.43,-0.02,205,377984,卖盘
11:24:42,18.43,0.0,20,36860,买盘
11:24:45,18.42,-0.01,37,68154,卖盘
11:24:51,18.43,0.01,42,77405,买盘
11:24:54,18.42,-0.01,12,22104,卖盘
11:24:57,18.42,0.0,22,40524,卖盘
11:25:00,18.42,0.0,34,62628,卖盘
11:25:06,18.42,0.0,19,34998,卖盘
11:25:09,18.44,0.02,407,750118,买盘
11:25:12,18.42,-0.02,152,280078,卖盘
11:25:15,18.42,0.0,48,88416,买盘
11:25:18,18.42,0.0,64,117888,买盘
11:25:21,18.42,0.0,10,18420,买盘
11:25:24,18.42,0.0,16,29466,买盘
11:25:27,18.42,0.0,54,99468,买盘
11:25:30,18.42,0.0,10,18420,买盘
11:25:33,18.41,-0.01,10,18410,卖盘
11:25:36,18.42,0.01,294,541548,买盘
11:25:39,18.42,0.0,61,112335,卖盘
11:25:42,18.41,-0.01,9,16573,卖盘
11:25:45,18.42,0.01,12,22102,买盘
11:25:48,18.42,0.0,3,5526,买盘
11:25:51,18.41,-0.01,9,16572,卖盘
11:25:54,18.43,0.02,60,110525,买盘
11:25:57,18.42,-0.01,19,34990,买盘
11:26:00,18.42,0.0,3,5526,卖盘
11:26:03,18.42,0.0,32,58944,卖盘
11:26:06,18.41,-0.01,23,42366,卖盘
11:26:09,18.41,0.0,12,22098,卖盘
11:26:12,18.43,0.02,4,7372,买盘
11:26:15,18.41,-0.02,78,143599,卖盘
11:26:18,18.43,0.02,4,7372,买盘
11:26:24,18.42,-0.01,5,9208,买盘
11:26:27,18.42,0.0,22,40521,买盘
11:26:30,18.43,0.01,83,152917,买盘
11:26:33,18.42,-0.01,57,104989,卖盘
11:26:36,18.43,0.01,86,158490,买盘
11:26:42,18.42,-0.01,3,5526,中性盘
11:26:45,18.43,0.01,13,23956,买盘
11:26:51,18.43,0.0,44,81124,中性盘
11:26:57,18.45,0.02,125,230516,买盘
11:27:00,18.45,0.0,62,114390,买盘
11:27:03,18.45,0.0,15,27670,买盘
11:27:06,18.44,-0.01,37,68231,卖盘
11:27:09,18.45,0.01,14,25828,买盘
11:27:12,18.45,0.0,19,35058,卖盘
11:27:15,18.44,-0.01,9,16596,卖盘
11:27:18,18.46,0.02,91,167927,买盘
11:27:21,18.43,-0.03,5,9221,卖盘
11:27:24,18.46,0.03,38,70145,买盘
11:27:27,18.45,-0.01,4,7379,中性盘
11:27:30,18.46,0.01,47,86754,买盘
11:27:33,18.46,0.0,4,7384,买盘
11:27:36,18.45,-0.01,16,29534,中性盘
11:27:39,18.47,0.02,36,66488,买盘
11:27:42,18.46,-0.01,28,51688,卖盘
11:27:45,18.46,0.0,56,103376,买盘
11:27:48,18.47,0.01,10,18465,买盘
11:27:51,18.46,-0.01,23,42463,买盘
11:27:54,18.48,0.02,41,75747,买盘
11:27:57,18.45,-0.03,125,230670,卖盘
11:28:03,18.48,0.03,68,125597,买盘
11:28:06,18.48,0.0,76,140441,买盘
11:28:09,18.46,-0.02,82,151523,卖盘
11:28:12,18.48,0.02,25,46200,买盘
11:28:27,18.46,-0.02,12,22152,卖盘
11:28:30,18.46,0.0,46,85004,卖盘
11:28:33,18.46,0.0,50,92301,卖盘
11:28:36,18.46,0.0,30,55380,卖盘
11:28:39,18.46,0.0,34,62764,买盘
11:28:48,18.46,0.0,3,5538,买盘
11:28:51,18.46,0.0,60,110701,买盘
11:28:54,18.45,-0.01,1,1845,卖盘
11:28:57,18.45,0.0,13,23995,卖盘
11:29:00,18.46,0.01,104,191984,买盘
11:29:03,18.45,-0.01,52,95981,卖盘
11:29:06,18.47,0.02,85,156871,买盘
11:29:09,18.47,0.0,12,22161,买盘
11:29:12,18.47,0.0,58,107126,买盘
11:29:15,18.46,-0.01,37,68302,卖盘
11:29:18,18.47,0.01,60,110847,买盘
11:29:21,18.48,0.01,32,59116,买盘
11:29:27,18.48,0.0,49,90513,买盘
11:29:30,18.48,0.0,40,73920,买盘
11:29:33,18.48,0.0,112,206976,买盘
11:29:36,18.46,-0.02,22,40649,卖盘
11:29:39,18.46,0.0,2,3692,中性盘
11:29:42,18.47,0.01,15,27701,买盘
11:29:45,18.47,0.0,10,18470,买盘
11:29:48,18.47,0.0,39,72033,买盘
11:29:51,18.47,0.0,16,29552,买盘
11:29:54,18.48,0.01,90,166268,买盘
11:29:57,18.44,-0.04,37,68244,卖盘
11:30:00,18.47,0.03,25,46175,中性盘
11:30:03,18.48,0.01,32,59136,买盘
13:00:03,18.46,-0.02,201,371367,卖盘
13:00:06,18.46,0.0,132,243643,买盘
13:00:09,18.43,-0.03,109,201137,卖盘
13:00:12,18.46,0.03,18,33214,买盘
13:00:15,18.44,-0.02,27,49784,中性盘
13:00:18,18.44,0.0,182,335487,买盘
13:00:21,18.44,0.0,11,20284,买盘
13:00:24,18.43,-0.01,40,73743,卖盘
13:00:27,18.44,0.01,44,81160,买盘
13:00:30,18.44,0.0,100,184352,卖盘
13:00:33,18.44,0.0,35,64540,卖盘
13:00:36,18.45,0.01,103,189992,买盘
13:00:39,18.43,-0.02,80,147584,卖盘
13:00:42,18.45,0.02,41,75654,中性盘
13:00:45,18.43,-0.02,50,92150,卖盘
13:00:48,18.43,0.0,12,22119,卖盘
13:00:51,18.44,0.01,76,140144,买盘
13:00:54,18.43,-0.01,4,7372,卖盘
13:00:57,18.43,0.0,54,99567,卖盘
13:01:00,18.43,0.0,63,116151,卖盘
13:01:03,18.44,0.01,65,119796,买盘
13:01:06,18.44,0.0,61,112469,买盘
13:01:09,18.45,0.01,79,145724,买盘
13:01:12,18.44,-0.01,8,14752,中性盘
13:01:15,18.44,0.0,211,389559,卖盘
13:01:18,18.47,0.03,43,79411,买盘
13:01:21,18.45,-0.02,4,7386,卖盘
13:01:24,18.44,-0.01,25,46149,卖盘
13:01:27,18.44,0.0,28,51674,卖盘
13:01:30,18.45,0.01,1,1845,卖盘
13:01:33,18.45,0.0,50,92250,卖盘
13:01:36,18.47,0.02,32,59057,买盘
13:01:42,18.45,-0.02,197,363492,卖盘
13:01:45,18.46,0.01,3,5538,买盘
13:01:48,18.46,0.0,4,7384,买盘
13:01:51,18.46,0.0,3,5538,买盘
13:01:57,18.44,-0.02,173,319153,卖盘
13:02:00,18.46,0.02,51,94123,买盘
13:02:03,18.46,0.0,8,14766,买盘
13:02:06,18.47,0.01,13,24008,买盘
13:02:12,18.45,-0.02,67,123564,中性盘
13:02:15,18.45,0.0,56,103294,买盘
13:02:18,18.44,-0.01,7,12908,卖盘
13:02:30,18.46,0.02,77,142084,买盘
13:02:36,18.45,-0.01,121,223307,买盘
13:02:39,18.47,0.02,83,153251,买盘
13:02:42,18.46,-0.01,68,125528,中性盘
13:02:45,18.47,0.01,366,675998,买盘
13:02:48,18.47,0.0,10,18470,买盘
13:02:51,18.45,-0.02,93,171821,卖盘
13:02:54,18.48,0.03,190,351100,买盘
13:02:57,18.48,0.0,20,36959,买盘
13:03:00,18.46,-0.02,85,157024,卖盘
13:03:03,18.46,0.0,49,90502,卖盘
13:03:06,18.46,0.0,128,236367,卖盘
13:03:12,18.47,0.01,70,129268,买盘
13:03:18,18.45,-0.02,32,59071,卖盘
13:03:27,18.45,0.0,94,173503,卖盘
13:03:36,18.45,0.0,32,59064,卖盘
13:03:42,18.46,0.01,11,20310,中性盘
13:03:45,18.45,-0.01,124,228966,卖盘
13:03:51,18.47,0.02,38,70184,买盘
13:03:54,18.45,-0.02,2,3690,卖盘
13:04:00,18.45,0.0,55,101516,卖盘
13:04:06,18.46,0.01,69,127372,买盘
13:04:09,18.45,-0.01,2,3690,卖盘
13:04:12,18.45,0.0,181,333937,卖盘
13:04:15,18.46,0.01,125,230672,买盘
13:04:18,18.46,0.0,38,70148,买盘
13:04:21,18.45,-0.01,9,16605,买盘
13:04:24,18.45,0.0,30,55350,卖盘
13:04:30,18.46,0.01,48,88594,买盘
13:04:33,18.46,0.0,114,210444,买盘
13:04:36,18.47,0.01,13,24006,买盘
13:04:42,18.47,0.0,38,70183,买盘
13:04:48,18.47,0.0,77,142140,买盘
13:04:51,18.46,-0.01,31,57226,买盘
13:04:57,18.45,-0.01,1,1845,卖盘
13:05:00,18.46,0.01,49,90454,买盘
13:05:03,18.46,0.0,49,90454,买盘
13:05:06,18.46,0.0,140,258338,买盘
13:05:09,18.46,0.0,5,9230,买盘
13:05:12,18.46,0.0,6,11076,买盘
13:05:15,18.46,0.0,86,158746,买盘
13:05:18,18.46,0.0,30,55380,买盘
13:05:21,18.46,0.0,1,1846,卖盘
13:05:27,18.47,0.01,69,127422,买盘
13:05:30,18.46,-0.01,14,25844,买盘
13:05:33,18.46,0.0,45,83113,卖盘
13:05:36,18.47,0.01,14,25858,买盘
13:05:39,18.47,0.0,38,70186,买盘
13:05:42,18.46,-0.01,6,11080,卖盘
13:05:45,18.47,0.01,3,5541,买盘
13:05:48,18.47,0.0,22,40634,买盘
13:05:51,18.47,0.0,14,25853,买盘
13:05:54,18.47,0.0,76,140368,买盘
13:05:57,18.47,0.0,76,140372,买盘
13:06:00,18.48,0.01,122,225365,买盘
13:06:03,18.47,-0.01,222,409929,中性盘
13:06:06,18.48,0.01,169,312232,买盘
13:06:09,18.48,0.0,41,75768,买盘
13:06:12,18.47,-0.01,13,24011,卖盘
13:06:15,18.46,-0.01,57,105247,卖盘
13:06:18,18.48,0.02,65,120064,买盘
13:06:21,18.47,-0.01,57,105320,卖盘
13:06:24,18.47,0.0,7,12930,卖盘
13:06:27,18.47,0.0,25,46175,买盘
13:06:30,18.47,0.0,83,153301,买盘
13:06:36,18.47,0.0,17,31399,买盘
13:06:39,18.47,0.0,1,1847,买盘
13:06:42,18.46,-0.01,4,7387,卖盘
13:06:51,18.47,0.01,1,1847,买盘
13:06:54,18.46,-0.01,51,94151,卖盘
13:06:57,18.46,0.0,49,90454,买盘
13:07:00,18.47,0.01,63,116321,买盘
13:07:06,18.46,-0.01,71,131080,卖盘
13:07:09,18.47,0.01,55,101553,买盘
13:07:12,18.46,-0.01,10,18460,卖盘
13:07:15,18.46,0.0,232,428376,卖盘
13:07:18,18.47,0.01,42,77574,买盘
13:07:21,18.47,0.0,59,108965,买盘
13:07:24,18.46,-0.01,12,22152,买盘
13:07:27,18.45,-0.01,23,42441,卖盘
13:07:30,18.46,0.01,91,167983,买盘
13:07:33,18.45,-0.01,1,1845,卖盘
13:07:36,18.45,0.0,69,127372,中性盘
13:07:39,18.46,0.01,53,97820,买盘
13:07:45,18.46,0.0,74,136541,买盘
13:07:48,18.47,0.01,53,97872,买盘
13:07:51,18.46,-0.01,10,18454,买盘
13:07:54,18.46,0.0,3,5538,买盘
13:07:57,18.46,0.0,264,487544,买盘
13:08:00,18.47,0.01,35,64643,买盘
13:08:03,18.46,-0.01,117,215982,卖盘
13:08:06,18.46,0.0,336,620329,卖盘
13:08:09,18.47,0.01,198,365590,买盘
13:08:12,18.46,-0.01,130,240088,卖盘
13:08:15,18.47,0.01,54,99738,买盘
13:08:18,18.46,-0.01,350,646518,卖盘
13:08:21,18.48,0.02,81,149657,买盘
13:08:24,18.47,-0.01,47,86819,卖盘
13:08:27,18.47,0.0,82,151463,卖盘
13:08:30,18.48,0.01,302,557936,买盘
13:08:33,18.47,-0.01,29,53587,卖盘
13:08:36,18.48,0.01,216,399158,买盘
13:08:39,18.48,0.0,91,168168,买盘
13:08:42,18.48,0.0,137,253176,买盘
13:08:48,18.49,0.01,90,166388,买盘
13:08:51,18.49,0.0,71,131274,买盘
13:08:54,18.49,0.0,112,207076,买盘
13:08:57,18.49,0.0,93,171956,买盘
13:09:00,18.49,0.0,978,1808322,买盘
13:09:03,18.49,0.0,130,240370,买盘
13:09:06,18.49,0.0,176,325424,买盘
13:09:09,18.49,0.0,141,260704,买盘
13:09:12,18.49,0.0,74,136826,买盘
13:09:15,18.49,0.0,20,36996,卖盘
13:09:18,18.5,0.01,50,92464,买盘
13:09:21,18.49,-0.01,13,24049,卖盘
13:09:24,18.5,0.01,164,303317,买盘
13:09:27,18.5,0.0,222,410698,买盘
13:09:30,18.5,0.0,313,579050,买盘
13:09:33,18.5,0.0,63,116548,买盘
13:09:36,18.49,-0.01,203,375545,卖盘
13:09:39,18.5,0.01,625,1156248,买盘
13:09:42,18.49,-0.01,167,308900,卖盘
13:09:45,18.5,0.01,111,205342,买盘
13:09:48,18.5,0.0,138,255300,买盘
13:09:51,18.5,0.0,125,231250,买盘
13:09:54,18.5,0.0,64,118400,买盘
13:09:57,18.5,0.0,215,397750,买盘
13:10:00,18.5,0.0,53,98050,买盘
13:10:03,18.5,0.0,153,283050,买盘
13:10:06,18.5,0.0,439,812134,买盘
13:10:09,18.5,0.0,78,144298,买盘
13:10:12,18.5,0.0,212,392200,买盘
13:10:15,18.5,0.0,174,321900,买盘
13:10:18,18.5,0.0,79,146150,买盘
13:10:21,18.5,0.0,115,212734,买盘
13:10:24,18.49,-0.01,154,284879,卖盘
13:10:27,18.5,0.01,2,3700,买盘
13:10:30,18.5,0.0,94,173900,买盘
13:10:33,18.5,0.0,21,38850,买盘
13:10:36,18.49,-0.01,44,81379,卖盘
13:10:39,18.5,0.01,74,136888,买盘
13:10:42,18.49,-0.01,40,73990,卖盘
13:10:45,18.5,0.01,130,240500,买盘
13:10:48,18.5,0.0,1,1850,买盘
13:10:51,18.5,0.0,146,270100,买盘
13:10:54,18.5,0.0,45,83250,买盘
13:10:57,18.5,0.0,46,85074,买盘
13:11:00,18.5,0.0,197,364450,买盘
13:11:03,18.5,0.0,93,172048,买盘
13:11:06,18.5,0.0,345,637947,买盘
13:11:09,18.5,0.0,209,386616,买盘
13:11:12,18.5,0.0,120,221973,买盘
13:11:15,18.49,-0.01,237,438334,卖盘
13:11:21,18.5,0.01,577,1067443,买盘
13:11:24,18.5,0.0,102,188685,买盘
13:11:27,18.49,-0.01,142,262570,卖盘
13:11:30,18.5,0.01,84,155400,买盘
13:11:33,18.5,0.0,61,112850,买盘
13:11:36,18.5,0.0,170,314380,买盘
13:11:39,18.5,0.0,99,183093,买盘
13:11:42,18.49,-0.01,262,484645,卖盘
13:11:45,18.49,0.0,49,90628,卖盘
13:11:48,18.5,0.01,87,160941,买盘
13:11:51,18.49,-0.01,39,72111,卖盘
13:11:54,18.49,0.0,23,42538,卖盘
13:11:57,18.5,0.01,77,142450,买盘
13:12:00,18.49,-0.01,161,297689,卖盘
13:12:03,18.5,0.01,140,258861,买盘
13:12:06,18.5,0.0,71,131319,买盘
13:12:09,18.49,-0.01,463,856091,卖盘
13:12:15,18.49,0.0,11,20339,买盘
13:12:18,18.49,0.0,117,216346,买盘
13:12:21,18.49,0.0,247,456915,卖盘
13:12:24,18.5,0.01,75,138715,买盘
13:12:30,18.5,0.0,31,57349,买盘
13:12:33,18.5,0.0,166,307085,买盘
13:12:36,18.49,-0.01,42,77694,卖盘
13:12:39,18.49,0.0,176,325436,卖盘
13:12:42,18.49,0.0,95,175655,卖盘
13:12:45,18.49,0.0,86,159094,卖盘
13:12:48,18.5,0.01,74,136861,买盘
13:12:51,18.49,-0.01,39,72112,卖盘
13:12:54,18.49,0.0,28,51777,卖盘
13:12:57,18.49,0.0,37,68435,卖盘
13:13:00,18.49,0.0,27,49943,卖盘
13:13:03,18.49,0.0,86,159089,卖盘
13:13:06,18.5,0.01,89,164613,买盘
13:13:09,18.49,-0.01,44,81394,卖盘
13:13:12,18.49,0.0,17,31433,卖盘
13:13:15,18.49,0.0,35,64715,卖盘
13:13:18,18.5,0.01,67,123926,买盘
13:13:21,18.48,-0.02,9,16637,卖盘
13:13:24,18.49,0.01,3,5545,买盘
13:13:27,18.49,0.0,35,64715,买盘
13:13:30,18.49,0.0,82,151618,买盘
13:13:33,18.49,0.0,59,109091,买盘
13:13:36,18.49,0.0,41,75801,买盘
13:13:39,18.49,0.0,106,195994,买盘
13:13:45,18.48,-0.01,59,109076,卖盘
13:13:48,18.49,0.01,20,36980,买盘
13:13:51,18.49,0.0,49,90601,买盘
13:13:54,18.49,0.0,28,51772,买盘
13:14:00,18.49,0.0,62,114638,买盘
13:14:03,18.49,0.0,3,5546,买盘
13:14:06,18.49,0.0,64,118336,买盘
13:14:12,18.49,0.0,78,144222,买盘
13:14:15,18.49,0.0,57,105392,买盘
13:14:18,18.49,0.0,9,16634,买盘
13:14:21,18.49,0.0,7,12943,买盘
13:14:24,18.5,0.01,93,171970,买盘
13:14:27,18.5,0.0,231,428087,买盘
13:14:30,18.5,0.0,122,225695,买盘
13:14:33,18.49,-0.01,9,16641,卖盘
13:14:36,18.5,0.01,86,159099,买盘
13:14:39,18.5,0.0,48,88794,买盘
13:14:45,18.49,-0.01,27,49927,卖盘
13:14:48,18.5,0.01,135,249750,买盘
13:14:51,18.5,0.0,13,24040,买盘
13:14:54,18.49,-0.01,43,79545,卖盘
13:14:57,18.5,0.01,34,62900,买盘
13:15:00,18.5,0.0,64,118400,买盘
13:15:03,18.5,0.0,15,27750,买盘
13:15:06,18.49,-0.01,283,523280,卖盘
13:15:09,18.5,0.01,82,151699,买盘
13:15:12,18.49,-0.01,3,5547,卖盘
13:15:15,18.5,0.01,34,62899,买盘
13:15:18,18.5,0.0,61,112850,买盘
13:15:21,18.49,-0.01,15,27741,卖盘
13:15:24,18.5,0.01,59,109146,买盘
13:15:27,18.49,-0.01,18,33292,卖盘
13:15:30,18.5,0.01,119,220150,买盘
13:15:33,18.5,0.0,121,223830,买盘
13:15:36,18.5,0.0,57,105450,买盘
13:15:39,18.5,0.0,358,662229,买盘
13:15:42,18.49,-0.01,1,1849,卖盘
13:15:45,18.5,0.01,61,112845,买盘
13:15:48,18.5,0.0,233,430895,买盘
13:15:51,18.49,-0.01,17,31444,卖盘
13:15:54,18.5,0.01,124,229398,买盘
13:15:57,18.5,0.0,154,284896,买盘
13:16:00,18.5,0.0,129,238650,买盘
13:16:03,18.5,0.0,141,260850,买盘
13:16:06,18.5,0.0,18,33300,买盘
13:16:09,18.49,-0.01,157,290422,卖盘
13:16:12,18.5,0.01,40,74000,买盘
13:16:15,18.5,0.0,4,7400,买盘
13:16:18,18.49,-0.01,72,133178,卖盘
13:16:21,18.5,0.01,16,29598,买盘
13:16:24,18.5,0.0,30,55500,买盘
13:16:27,18.5,0.0,28,51800,买盘
13:16:30,18.49,-0.01,155,286730,卖盘
13:16:33,18.5,0.01,257,475450,买盘
13:16:36,18.5,0.0,20,36993,买盘
13:16:39,18.49,-0.01,55,101740,卖盘
13:16:42,18.49,0.0,7,12947,卖盘
13:16:48,18.49,0.0,76,140597,卖盘
13:16:51,18.5,0.01,34,62900,买盘
13:16:54,18.49,-0.01,68,125795,卖盘
13:16:57,18.5,0.01,71,131349,买盘
13:17:00,18.49,-0.01,40,73970,卖盘
13:17:03,18.5,0.01,46,85068,买盘
13:17:06,18.5,0.0,141,260849,买盘
13:17:09,18.49,-0.01,130,240398,卖盘
13:17:12,18.5,0.01,74,136900,买盘
13:17:15,18.5,0.0,47,86950,买盘
13:17:18,18.5,0.0,56,103596,买盘
13:17:21,18.5,0.0,94,173899,买盘
13:17:24,18.5,0.0,203,375525,买盘
13:17:27,18.5,0.0,22,40700,买盘
13:17:30,18.49,-0.01,1,1849,卖盘
13:17:33,18.5,0.01,109,201650,买盘
13:17:36,18.49,-0.01,14,25899,卖盘
13:17:39,18.49,0.0,41,75845,卖盘
13:17:42,18.5,0.01,83,153507,买盘
13:17:45,18.5,0.0,86,159100,买盘
13:17:48,18.49,-0.01,4,7397,卖盘
13:17:51,18.5,0.01,1,1850,买盘
13:17:54,18.5,0.0,63,116525,买盘
13:17:57,18.5,0.0,40,73998,买盘
13:18:00,18.5,0.0,150,277500,买盘
13:18:03,18.5,0.0,92,170190,买盘
13:18:06,18.5,0.0,116,214600,买盘
13:18:09,18.5,0.0,57,105450,买盘
13:18:12,18.49,-0.01,35,64730,卖盘
13:18:15,18.5,0.01,10,18497,买盘
13:18:18,18.5,0.0,58,107293,买盘
13:18:21,18.5,0.0,93,172050,买盘
13:18:24,18.5,0.0,27,49950,买盘
13:18:27,18.5,0.0,62,114700,买盘
13:18:30,18.5,0.0,144,266311,买盘
13:18:33,18.5,0.0,10,18500,买盘
13:18:36,18.49,-0.01,79,146149,卖盘
13:18:39,18.49,0.0,54,99898,卖盘
13:18:42,18.5,0.01,11,20350,买盘
13:18:45,18.5,0.0,31,57350,买盘
13:18:51,18.5,0.0,51,94739,买盘
13:18:54,18.51,0.01,28,51817,买盘
13:18:57,18.51,0.0,80,148045,买盘
13:19:00,18.5,-0.01,208,384772,卖盘
13:19:03,18.5,0.0,20,36981,买盘
13:19:06,18.5,0.0,29,53650,买盘
13:19:09,18.5,0.0,9,16650,买盘
13:19:12,18.5,0.0,21,38854,买盘
13:19:15,18.51,0.01,23,42573,买盘
13:19:18,18.51,0.0,20,37010,买盘
13:19:21,18.51,0.0,6,11106,买盘
13:19:24,18.51,0.0,17,31467,买盘
13:19:30,18.51,0.0,80,148053,买盘
13:19:33,18.51,0.0,3,5553,买盘
13:19:36,18.51,0.0,205,379435,买盘
13:19:39,18.5,-0.01,317,586515,卖盘
13:19:42,18.51,0.01,64,118446,买盘
13:19:45,18.51,0.0,4,7403,买盘
13:19:48,18.51,0.0,41,75867,买盘
13:19:51,18.5,-0.01,73,135102,卖盘
13:19:54,18.51,0.01,4,7403,买盘
13:20:00,18.51,0.0,1,1851,买盘
13:20:03,18.5,-0.01,156,288679,卖盘
13:20:06,18.51,0.01,22,40716,买盘
13:20:09,18.5,-0.01,30,55517,卖盘
13:20:12,18.51,0.01,17,31461,买盘
13:20:15,18.5,-0.01,30,55501,卖盘
13:20:18,18.5,0.0,11,20352,卖盘
13:20:21,18.5,0.0,91,168354,卖盘
13:20:24,18.51,0.01,156,288619,买盘
13:20:27,18.51,0.0,197,364521,买盘
13:20:30,18.51,0.0,149,275732,买盘
13:20:33,18.5,-0.01,30,55500,买盘
13:20:36,18.5,0.0,52,96239,买盘
13:20:39,18.5,0.0,114,210991,卖盘
13:20:42,18.5,0.0,81,149851,卖盘
13:20:48,18.51,0.01,77,142512,买盘
13:20:54,18.5,-0.01,35,64750,卖盘
13:20:57,18.5,0.0,85,157251,卖盘
13:21:00,18.5,0.0,85,157250,卖盘
13:21:03,18.5,0.0,31,57350,买盘
13:21:06,18.5,0.0,13,24050,买盘
13:21:09,18.5,0.0,9,16648,买盘
13:21:12,18.49,-0.01,37,68430,卖盘
13:21:15,18.5,0.01,85,157250,买盘
13:21:18,18.5,0.0,35,64750,买盘
13:21:24,18.49,-0.01,1,1849,卖盘
13:21:27,18.5,0.01,1,1850,买盘
13:21:36,18.49,-0.01,64,118394,卖盘
13:21:39,18.5,0.01,79,146150,买盘
13:21:42,18.49,-0.01,58,107250,卖盘
13:21:45,18.49,0.0,26,48084,卖盘
13:21:48,18.5,0.01,67,123950,买盘
13:21:51,18.49,-0.01,10,18490,卖盘
13:21:54,18.5,0.01,1,1850,买盘
13:22:00,18.5,0.0,53,98050,买盘
13:22:03,18.5,0.0,20,36998,买盘
13:22:06,18.49,-0.01,828,1530985,卖盘
13:22:09,18.49,0.0,92,170150,卖盘
13:22:12,18.49,0.0,4,7396,卖盘
13:22:15,18.5,0.01,155,286715,买盘
13:22:18,18.49,-0.01,84,155398,卖盘
13:22:24,18.5,0.01,48,88800,买盘
13:22:27,18.5,0.0,57,105450,买盘
13:22:30,18.49,-0.01,11,20339,卖盘
13:22:33,18.49,0.0,51,94342,卖盘
13:22:36,18.5,0.01,64,118400,买盘
13:22:39,18.5,0.0,9,16642,买盘
13:22:45,18.49,-0.01,2,3698,卖盘
13:22:48,18.49,0.0,90,166460,卖盘
13:22:51,18.49,0.0,52,96148,卖盘
13:22:54,18.5,0.01,37,68437,买盘
13:22:57,18.49,-0.01,501,926349,卖盘
13:23:00,18.48,-0.01,621,1147620,卖盘
13:23:03,18.48,0.0,48,88704,买盘
13:23:06,18.48,0.0,33,60983,买盘
13:23:09,18.48,0.0,36,66531,买盘
13:23:12,18.48,0.0,40,73920,买盘
13:23:15,18.48,0.0,54,99792,买盘
13:23:18,18.48,0.0,40,73920,买盘
13:23:21,18.47,-0.01,852,1573647,卖盘
13:23:24,18.47,0.0,84,155112,买盘
13:23:27,18.47,0.0,2,3694,买盘
13:23:30,18.47,0.0,40,73880,买盘
13:23:33,18.47,0.0,45,83115,买盘
13:23:36,18.47,0.0,136,251124,买盘
13:23:39,18.47,0.0,12,22163,买盘
13:23:42,18.46,-0.01,174,321208,卖盘
13:23:45,18.47,0.01,62,114513,买盘
13:23:48,18.47,0.0,90,166211,买盘
13:23:51,18.47,0.0,11,20314,买盘
13:23:54,18.46,-0.01,46,84919,卖盘
13:23:57,18.47,0.01,6,11082,买盘
13:24:00,18.46,-0.01,2,3692,卖盘
13:24:03,18.47,0.01,10,18462,买盘
13:24:06,18.47,0.0,57,105279,买盘
13:24:09,18.46,-0.01,163,300960,卖盘
13:24:12,18.47,0.01,16,29542,买盘
13:24:15,18.46,-0.01,3,5538,卖盘
13:24:18,18.47,0.01,32,59089,买盘
13:24:24,18.46,-0.01,327,603669,卖盘
13:24:27,18.47,0.01,35,64619,买盘
13:24:30,18.47,0.0,6,11077,买盘
13:24:33,18.47,0.0,3,5541,买盘
13:24:36,18.47,0.0,63,116361,买盘
13:24:39,18.47,0.0,44,81228,买盘
13:24:42,18.47,0.0,11,20312,买盘
13:24:45,18.47,0.0,10,18470,买盘
13:24:48,18.47,0.0,3,5541,买盘
13:24:51,18.47,0.0,5,9235,买盘
13:24:54,18.47,0.0,3,5541,买盘
13:24:57,18.47,0.0,1,1847,买盘
13:25:00,18.47,0.0,48,88656,买盘
13:25:03,18.47,0.0,278,513414,买盘
13:25:06,18.47,0.0,217,400799,买盘
13:25:09,18.47,0.0,44,81237,买盘
13:25:12,18.47,0.0,41,75696,买盘
13:25:15,18.47,0.0,14,25858,买盘
13:25:18,18.46,-0.01,126,232810,卖盘
13:25:21,18.47,0.01,12,22164,中性盘
13:25:24,18.48,0.01,81,149644,买盘
13:25:27,18.47,-0.01,42,77615,中性盘
13:25:30,18.48,0.01,41,75768,买盘
13:25:33,18.47,-0.01,12,22164,卖盘
13:25:36,18.47,0.0,124,229145,卖盘
13:25:39,18.47,0.0,46,85000,卖盘
13:25:42,18.48,0.01,2,3696,买盘
13:25:48,18.47,-0.01,27,49869,卖盘
13:25:51,18.48,0.01,48,88704,买盘
13:25:54,18.47,-0.01,1,1847,卖盘
13:25:57,18.47,0.0,20,36954,卖盘
13:26:00,18.48,0.01,55,101629,买盘
13:26:06,18.48,0.0,77,142296,买盘
13:26:09,18.48,0.0,107,197736,买盘
13:26:15,18.48,0.0,96,177408,买盘
13:26:18,18.48,0.0,82,151536,买盘
13:26:21,18.48,0.0,2,3696,买盘
13:26:24,18.47,-0.01,52,96086,卖盘
13:26:27,18.48,0.01,63,116366,买盘
13:26:30,18.47,-0.01,19,35093,卖盘
13:26:33,18.48,0.01,37,68368,买盘
13:26:36,18.47,-0.01,34,62830,卖盘
13:26:39,18.48,0.01,51,94248,买盘
13:26:42,18.48,0.0,6,11088,买盘
13:26:45,18.47,-0.01,6,11082,卖盘
13:26:48,18.47,0.0,6,11082,卖盘
13:26:51,18.48,0.01,9,16632,买盘
13:27:00,18.48,0.0,32,59136,买盘
13:27:03,18.48,0.0,58,107174,买盘
13:27:06,18.47,-0.01,22,40647,卖盘
13:27:09,18.48,0.01,70,129360,买盘
13:27:12,18.48,0.0,93,171864,买盘
13:27:15,18.48,0.0,41,75792,卖盘
13:27:18,18.48,0.0,43,79497,卖盘
13:27:21,18.49,0.01,21,38811,买盘
13:27:27,18.49,0.0,49,90601,买盘
13:27:30,18.48,-0.01,94,173733,卖盘
13:27:33,18.49,0.01,43,79507,买盘
13:27:36,18.48,-0.01,14,25885,卖盘
13:27:39,18.48,0.0,40,73959,卖盘
13:27:42,18.48,0.0,16,29568,卖盘
13:27:45,18.48,0.0,6,11089,卖盘
13:27:48,18.48,0.0,64,118272,卖盘
13:27:51,18.49,0.01,27,49916,买盘
13:27:57,18.48,-0.01,7,12936,卖盘
13:28:00,18.49,0.01,26,48074,买盘
13:28:03,18.49,0.0,57,105398,买盘
13:28:06,18.49,0.0,28,51767,买盘
13:28:09,18.49,0.0,168,310530,买盘
13:28:12,18.49,0.0,4,7396,买盘
13:28:15,18.49,0.0,2,3698,买盘
13:28:18,18.48,-0.01,134,247650,卖盘
13:28:24,18.48,0.0,3,5544,卖盘
13:28:27,18.48,0.0,69,127513,卖盘
13:28:33,18.5,0.02,134,247702,买盘
13:28:36,18.49,-0.01,122,225409,买盘
13:28:39,18.48,-0.01,2,3696,买盘
13:28:42,18.48,0.0,20,36960,买盘
13:28:45,18.49,0.01,20,36972,买盘
13:28:48,18.48,-0.01,116,214302,卖盘
13:28:51,18.49,0.01,1,1849,买盘
13:28:57,18.48,-0.01,51,94248,卖盘
13:29:00,18.48,0.0,4,7392,买盘
13:29:03,18.47,-0.01,62,114559,卖盘
13:29:06,18.49,0.02,65,120172,买盘
13:29:09,18.49,0.0,66,122022,买盘
13:29:15,18.47,-0.02,37,68363,卖盘
13:29:24,18.48,0.01,19,35112,卖盘
13:29:27,18.49,0.01,10,18490,买盘
13:29:33,18.48,-0.01,36,66548,卖盘
13:29:36,18.49,0.01,60,110903,买盘
13:29:42,18.48,-0.01,122,225456,卖盘
13:29:45,18.49,0.01,45,83197,买盘
13:29:48,18.48,-0.01,63,116484,中性盘
13:29:51,18.49,0.01,45,83204,买盘
13:29:54,18.49,0.0,138,255174,买盘
13:29:57,18.5,0.01,118,218300,买盘
13:30:00,18.5,0.0,41,75846,买盘
13:30:03,18.5,0.0,59,109150,买盘
13:30:06,18.5,0.0,59,109142,买盘
13:30:09,18.5,0.0,48,88800,买盘
13:30:12,18.5,0.0,131,242349,买盘
13:30:15,18.5,0.0,52,96196,买盘
13:30:18,18.5,0.0,124,229400,买盘
13:30:21,18.5,0.0,74,136900,买盘
13:30:24,18.5,0.0,195,360750,买盘
13:30:27,18.5,0.0,21,38850,买盘
13:30:30,18.5,0.0,17,31450,买盘
13:30:33,18.5,0.0,46,85100,买盘
13:30:36,18.5,0.0,54,99900,买盘
13:30:39,18.5,0.0,2,3700,买盘
13:30:42,18.5,0.0,30,55500,买盘
13:30:45,18.5,0.0,32,59200,买盘
13:30:51,18.5,0.0,120,221990,买盘
13:30:54,18.49,-0.01,19,35141,卖盘
13:30:57,18.5,0.01,14,25898,买盘
13:31:00,18.5,0.0,11,20350,买盘
13:31:03,18.5,0.0,53,98050,买盘
13:31:06,18.5,0.0,23,42550,买盘
13:31:09,18.49,-0.01,61,112849,卖盘
13:31:15,18.5,0.01,52,96200,买盘
13:31:18,18.5,0.0,11,20350,买盘
13:31:21,18.49,-0.01,54,99895,卖盘
13:31:24,18.5,0.01,33,61050,买盘
13:31:27,18.49,-0.01,26,48095,卖盘
13:31:33,18.5,0.01,44,81400,买盘
13:31:36,18.5,0.0,54,99900,买盘
13:31:39,18.5,0.0,2,3700,买盘
13:31:42,18.5,0.0,112,207180,买盘
13:31:45,18.5,0.0,4,7400,买盘
13:31:48,18.5,0.0,39,72150,买盘
13:31:51,18.5,0.0,4,7398,买盘
13:31:57,18.5,0.0,1,1850,买盘
13:32:00,18.5,0.0,33,61048,买盘
13:32:03,18.5,0.0,41,75850,买盘
13:32:06,18.5,0.0,68,125762,买盘
13:32:09,18.5,0.0,5,9248,买盘
13:32:12,18.49,-0.01,3,5547,卖盘
13:32:15,18.5,0.01,30,55500,买盘
13:32:18,18.49,-0.01,3,5547,卖盘
13:32:21,18.49,0.0,6,11094,卖盘
13:32:24,18.49,0.0,12,22188,卖盘
13:32:27,18.49,0.0,1,1849,卖盘
13:32:30,18.5,0.01,17,31450,买盘
13:32:33,18.49,-0.01,1,1849,卖盘
13:32:36,18.5,0.01,65,120250,买盘
13:32:39,18.51,0.01,127,234469,买盘
13:32:42,18.51,0.0,121,224426,买盘
13:32:45,18.5,-0.01,17,31463,卖盘
13:32:48,18.5,0.0,77,142513,卖盘
13:32:54,18.51,0.01,11,20361,买盘
13:32:57,18.51,0.0,51,94351,买盘
13:33:00,18.5,-0.01,113,209051,卖盘
13:33:03,18.5,0.0,88,162800,买盘
13:33:06,18.5,0.0,13,24050,买盘
13:33:09,18.5,0.0,61,112850,买盘
13:33:15,18.5,0.0,9,16642,买盘
13:33:18,18.5,0.0,30,55500,买盘
13:33:21,18.49,-0.01,16,29584,卖盘
13:33:24,18.5,0.01,76,140553,买盘
13:33:27,18.49,-0.01,103,190549,卖盘
13:33:30,18.49,0.0,2,3698,卖盘
13:33:33,18.5,0.01,43,79550,买盘
13:33:36,18.49,-0.01,38,70275,卖盘
13:33:39,18.5,0.01,1,1850,买盘
13:33:42,18.5,0.0,1,1850,买盘
13:33:45,18.49,-0.01,16,29584,卖盘
13:33:48,18.5,0.01,90,166421,买盘
13:33:51,18.5,0.0,30,55500,买盘
13:33:57,18.49,-0.01,30,55471,卖盘
13:34:03,18.49,0.0,57,105437,卖盘
13:34:06,18.49,0.0,24,44392,卖盘
13:34:09,18.49,0.0,16,29584,卖盘
13:34:12,18.5,0.01,110,203393,买盘
13:34:18,18.5,0.0,231,427309,买盘
13:34:21,18.5,0.0,3,5550,买盘
13:34:24,18.49,-0.01,1,1849,卖盘
13:34:27,18.5,0.01,7,12948,买盘
13:34:30,18.5,0.0,4,7400,买盘
13:34:36,18.5,0.0,18,33300,买盘
13:34:39,18.5,0.0,3,5550,买盘
13:34:42,18.5,0.0,3,5550,买盘
13:34:45,18.49,-0.01,1,1849,卖盘
13:34:51,18.49,0.0,25,46229,卖盘
13:34:54,18.49,0.0,71,131279,卖盘
13:34:57,18.49,0.0,53,97997,卖盘
13:35:00,18.49,0.0,5,9245,卖盘
13:35:03,18.49,0.0,23,42527,卖盘
13:35:06,18.49,0.0,62,114652,卖盘
13:35:09,18.49,0.0,45,83205,卖盘
13:35:12,18.48,-0.01,1,1848,卖盘
13:35:15,18.49,0.01,1,1849,买盘
13:35:18,18.48,-0.01,20,36963,卖盘
13:35:21,18.49,0.01,6,11094,买盘
13:35:27,18.49,0.0,5,9245,买盘
13:35:30,18.48,-0.01,11,20328,卖盘
13:35:33,18.49,0.01,41,75809,买盘
13:35:36,18.49,0.0,13,24037,买盘
13:35:42,18.49,0.0,50,92450,买盘
13:35:45,18.49,0.0,87,160858,买盘
13:35:48,18.5,0.01,43,79543,买盘
13:35:54,18.49,-0.01,7,12943,卖盘
13:35:57,18.49,0.0,17,31433,买盘
13:36:00,18.48,-0.01,130,240240,卖盘
13:36:03,18.49,0.01,44,81356,买盘
13:36:06,18.49,0.0,16,29581,买盘
13:36:09,18.49,0.0,26,48064,买盘
13:36:12,18.49,0.0,3,5547,买盘
13:36:21,18.48,-0.01,4,7395,卖盘
13:36:27,18.48,0.0,9,16632,卖盘
13:36:30,18.49,0.01,171,316179,买盘
13:36:33,18.49,0.0,22,40678,卖盘
13:36:36,18.5,0.01,26,48078,买盘
13:36:39,18.49,-0.01,31,57344,卖盘
13:36:42,18.48,-0.01,31,57315,卖盘
13:36:51,18.49,0.01,11,20334,买盘
13:36:54,18.48,-0.01,1,1848,卖盘
13:36:57,18.49,0.01,10,18490,买盘
13:37:00,18.48,-0.01,6,11088,卖盘
13:37:06,18.49,0.01,33,60997,买盘
13:37:09,18.49,0.0,38,70260,买盘
13:37:12,18.48,-0.01,37,68376,卖盘
13:37:15,18.48,0.0,80,147840,卖盘
13:37:18,18.48,0.0,166,306768,卖盘
13:37:21,18.49,0.01,3,5547,买盘
13:37:24,18.48,-0.01,2,3696,卖盘
13:37:27,18.48,0.0,9,16633,卖盘
13:37:30,18.48,0.0,97,179256,卖盘
13:37:33,18.48,0.0,318,587665,卖盘
13:37:36,18.48,0.0,43,79477,卖盘
13:37:39,18.48,0.0,7,12936,买盘
13:37:42,18.47,-0.01,7,12929,卖盘
13:37:48,18.47,0.0,11,20325,卖盘
13:37:51,18.48,0.01,13,24024,买盘
13:37:54,18.47,-0.01,1,1847,卖盘
13:38:00,18.47,0.0,77,142219,卖盘
13:38:06,18.48,0.01,15,27719,买盘
13:38:09,18.47,-0.01,1,1847,卖盘
13:38:15,18.47,0.0,41,75727,卖盘
13:38:18,18.47,0.0,10,18470,卖盘
13:38:21,18.47,0.0,91,168157,卖盘
13:38:27,18.48,0.01,12,22176,买盘
13:38:30,18.47,-0.01,3,5541,卖盘
13:38:33,18.47,0.0,23,42481,卖盘
13:38:36,18.48,0.01,18,33263,买盘
13:38:39,18.47,-0.01,26,48042,卖盘
13:38:42,18.48,0.01,3,5544,买盘
13:38:45,18.48,0.0,4,7392,买盘
13:38:48,18.48,0.0,25,46200,买盘
13:38:51,18.48,0.0,5,9240,买盘
13:38:54,18.47,-0.01,23,42503,卖盘
13:39:03,18.48,0.01,20,36960,买盘
13:39:06,18.47,-0.01,20,36953,卖盘
13:39:09,18.47,0.0,16,29559,卖盘
13:39:15,18.47,0.0,20,36940,卖盘
13:39:18,18.46,-0.01,1121,2070515,卖盘
13:39:24,18.47,0.01,44,81285,买盘
13:39:27,18.47,0.0,60,110858,卖盘
13:39:30,18.48,0.01,113,208762,买盘
13:39:33,18.47,-0.01,10,18470,中性盘
13:39:36,18.47,0.0,18,33259,卖盘
13:39:39,18.48,0.01,59,109021,买盘
13:39:45,18.48,0.0,58,107184,买盘
13:39:51,18.48,0.0,4,7392,买盘
13:40:00,18.47,-0.01,55,101585,卖盘
13:40:03,18.48,0.01,70,129270,买盘
13:40:06,18.48,0.0,13,24024,买盘
13:40:09,18.48,0.0,26,48048,买盘
13:40:18,18.48,0.0,41,75765,买盘
13:40:27,18.48,0.0,7,12930,买盘
13:40:30,18.47,-0.01,19,35093,卖盘
13:40:33,18.47,0.0,63,116404,卖盘
13:40:36,18.47,0.0,28,51735,卖盘
13:40:39,18.47,0.0,33,60951,卖盘
13:40:45,18.48,0.01,31,57272,买盘
13:40:51,18.47,-0.01,28,51716,卖盘
13:40:54,18.46,-0.01,4,7384,卖盘
13:41:00,18.47,0.01,9,16619,买盘
13:41:03,18.46,-0.01,2,3692,卖盘
13:41:06,18.47,0.01,16,29552,买盘
13:41:09,18.46,-0.01,1,1846,卖盘
13:41:12,18.47,0.01,10,18470,买盘
13:41:18,18.46,-0.01,13,23998,卖盘
13:41:21,18.46,0.0,8,14768,卖盘
13:41:27,18.47,0.01,55,101585,买盘
13:41:30,18.47,0.0,10,18470,买盘
13:41:33,18.47,0.0,22,40615,买盘
13:41:36,18.47,0.0,24,44328,买盘
13:41:39,18.47,0.0,58,107106,买盘
13:41:45,18.46,-0.01,148,273218,卖盘
13:41:48,18.46,0.0,62,114452,卖盘
13:41:51,18.47,0.01,517,954392,买盘
13:41:54,18.46,-0.01,6,11076,卖盘
13:41:57,18.46,0.0,20,36930,卖盘
13:42:00,18.46,0.0,70,129247,卖盘
13:42:03,18.46,0.0,100,184600,卖盘
13:42:06,18.46,0.0,20,36920,买盘
13:42:09,18.46,0.0,25,46150,买盘
13:42:18,18.46,0.0,15,27690,买盘
13:42:21,18.46,0.0,10,18460,买盘
13:42:30,18.46,0.0,29,53530,买盘
13:42:33,18.46,0.0,39,71994,买盘
13:42:36,18.46,0.0,106,195689,卖盘
13:42:39,18.47,0.01,17,31399,买盘
13:42:45,18.46,-0.01,4,7384,卖盘
13:42:51,18.46,0.0,8,14768,卖盘
13:42:57,18.46,0.0,36,66456,卖盘
13:43:03,18.46,0.0,10,18460,卖盘
13:43:06,18.46,0.0,25,46163,卖盘
13:43:09,18.46,0.0,26,48020,卖盘
13:43:12,18.47,0.01,2,3694,买盘
13:43:18,18.46,-0.01,35,64610,卖盘
13:43:21,18.46,0.0,5,9230,卖盘
13:43:24,18.46,0.0,10,18460,卖盘
13:43:30,18.46,0.0,15,27693,卖盘
13:43:33,18.46,0.0,75,138451,卖盘
13:43:36,18.46,0.0,15,27703,卖盘
13:43:39,18.46,0.0,64,118169,卖盘
13:43:42,18.46,0.0,30,55380,卖盘
13:43:45,18.46,0.0,31,57226,卖盘
13:43:48,18.46,0.0,18,33228,卖盘
13:43:51,18.46,0.0,13,23998,卖盘
13:43:57,18.46,0.0,66,121836,卖盘
13:44:00,18.47,0.01,31,57257,买盘
13:44:03,18.47,0.0,9,16623,买盘
13:44:06,18.46,-0.01,122,225225,卖盘
13:44:09,18.47,0.01,77,142219,买盘
13:44:12,18.46,-0.01,17,31382,卖盘
13:44:21,18.46,0.0,10,18460,卖盘
13:44:27,18.47,0.01,4,7388,买盘
13:44:30,18.47,0.0,57,105279,买盘
13:44:33,18.46,-0.01,15,27690,卖盘
13:44:36,18.47,0.01,20,36934,买盘
13:44:39,18.46,-0.01,1,1846,卖盘
13:44:45,18.46,0.0,2,4430,卖盘
13:44:48,18.47,0.01,30,55410,买盘
13:44:54,18.47,0.0,34,62798,买盘
13:44:57,18.47,0.0,20,36939,买盘
13:45:00,18.47,0.0,25,46175,买盘
13:45:03,18.47,0.0,45,83115,买盘
13:45:06,18.47,0.0,37,68339,买盘
13:45:12,18.46,-0.01,25,46150,卖盘
13:45:24,18.46,0.0,2,3692,卖盘
13:45:27,18.46,0.0,10,18460,卖盘
13:45:30,18.47,0.01,12,22163,买盘
13:45:33,18.46,-0.01,52,96042,卖盘
13:45:36,18.46,0.0,26,48019,卖盘
13:45:39,18.47,0.01,32,59104,买盘
13:45:42,18.46,-0.01,76,140296,卖盘
13:45:45,18.46,0.0,10,18460,卖盘
13:45:48,18.46,0.0,119,219762,卖盘
13:45:51,18.46,0.0,13,23998,卖盘
13:45:54,18.46,0.0,32,59099,卖盘
13:45:57,18.46,0.0,352,649054,卖盘
13:46:00,18.46,0.0,9,16614,买盘
13:46:03,18.46,0.0,60,110760,买盘
13:46:06,18.46,0.0,15,27689,买盘
13:46:09,18.45,-0.01,9,16608,卖盘
13:46:12,18.45,0.0,64,118085,卖盘
13:46:15,18.46,0.01,20,36920,买盘
13:46:33,18.46,0.0,46,84916,买盘
13:46:36,18.46,0.0,42,77503,买盘
13:46:39,18.46,0.0,5,9230,买盘
13:46:42,18.46,0.0,1,1846,买盘
13:46:45,18.46,0.0,5,9230,买盘
13:46:48,18.45,-0.01,222,409620,卖盘
13:46:54,18.46,0.01,10,18460,买盘
13:46:57,18.46,0.0,34,62750,买盘
13:47:00,18.45,-0.01,20,36900,卖盘
13:47:03,18.46,0.01,46,84915,买盘
13:47:06,18.45,-0.01,76,140233,卖盘
13:47:09,18.45,0.0,211,389337,卖盘
13:47:12,18.45,0.0,3,5535,卖盘
13:47:15,18.45,0.0,6,11070,卖盘
13:47:18,18.45,0.0,7,12915,卖盘
13:47:21,18.45,0.0,397,732465,卖盘
13:47:24,18.45,0.0,128,236160,卖盘
13:47:27,18.45,0.0,37,68265,卖盘
13:47:30,18.45,0.0,64,118080,卖盘
13:47:33,18.45,0.0,11,20295,卖盘
13:47:36,18.45,0.0,30,55367,卖盘
13:47:39,18.45,0.0,72,132844,卖盘
13:47:42,18.45,0.0,97,178965,卖盘
13:47:45,18.45,0.0,38,70110,买盘
13:47:57,18.44,-0.01,1,1844,卖盘
13:48:00,18.44,0.0,6,11066,卖盘
13:48:03,18.44,0.0,47,86709,卖盘
13:48:06,18.44,0.0,83,153065,卖盘
13:48:09,18.44,0.0,9,16596,卖盘
13:48:12,18.44,0.0,3,5532,卖盘
13:48:15,18.44,0.0,63,116172,卖盘
13:48:18,18.44,0.0,29,53476,卖盘
13:48:21,18.42,-0.02,85,156678,卖盘
13:48:24,18.42,0.0,2,3684,卖盘
13:48:27,18.42,0.0,6,11052,卖盘
13:48:30,18.43,0.01,11,20273,中性盘
13:48:33,18.42,-0.01,5,9210,卖盘
13:48:36,18.42,0.0,161,296580,卖盘
13:48:45,18.41,-0.01,178,327698,卖盘
13:48:48,18.41,0.0,50,92594,卖盘
13:48:51,18.41,0.0,29,53389,卖盘
13:48:54,18.4,-0.01,49,90177,卖盘
13:49:03,18.4,0.0,246,452640,卖盘
13:49:06,18.4,0.0,43,79133,卖盘
13:49:09,18.4,0.0,494,908428,卖盘
13:49:12,18.4,0.0,371,683184,买盘
13:49:15,18.4,0.0,16,29440,卖盘
13:49:18,18.4,0.0,1,1840,卖盘
13:49:21,18.4,0.0,165,303066,卖盘
13:49:24,18.4,0.0,25,45999,买盘
13:49:30,18.4,0.0,10,18400,买盘
13:49:33,18.4,0.0,142,261190,买盘
13:49:36,18.4,0.0,24,44149,买盘
13:49:39,18.4,0.0,11,20240,买盘
13:49:42,18.41,0.01,245,451419,买盘
13:49:45,18.4,-0.01,83,152720,卖盘
13:49:48,18.4,0.0,67,123290,卖盘
13:49:51,18.4,0.0,73,134330,卖盘
13:49:54,18.41,0.01,2,3682,买盘
13:49:57,18.4,-0.01,5,9200,卖盘
13:50:00,18.42,0.02,102,187787,买盘
13:50:03,18.42,0.0,25,46010,买盘
13:50:06,18.4,-0.02,152,279750,卖盘
13:50:09,18.4,0.0,20,36820,卖盘
13:50:12,18.42,0.02,10,18420,买盘
13:50:15,18.44,0.02,82,151093,买盘
13:50:18,18.41,-0.03,38,69958,卖盘
13:50:21,18.44,0.03,20,36864,买盘
13:50:33,18.44,0.0,44,81129,买盘
13:50:36,18.44,0.0,13,23970,买盘
13:50:42,18.42,-0.02,3,5526,中性盘
13:50:45,18.44,0.02,100,184193,买盘
13:50:51,18.42,-0.02,30,55240,中性盘
13:50:54,18.42,0.0,1,1842,买盘
13:50:57,18.42,0.0,54,99448,买盘
13:51:00,18.42,0.0,9,16578,卖盘
13:51:03,18.42,0.0,44,81046,买盘
13:51:06,18.43,0.01,17,31324,买盘
13:51:09,18.42,-0.01,12,22104,卖盘
13:51:12,18.42,0.0,62,114204,卖盘
13:51:18,18.42,0.0,3,5526,卖盘
13:51:21,18.43,0.01,10,18430,买盘
13:51:24,18.42,-0.01,1,1842,卖盘
13:51:27,18.42,0.0,2,3684,卖盘
13:51:36,18.43,0.01,13,23959,买盘
13:51:42,18.42,-0.01,1,1842,卖盘
13:51:45,18.42,0.0,155,285510,卖盘
13:51:48,18.42,0.0,34,62628,买盘
13:51:54,18.42,0.0,26,47892,买盘
13:51:57,18.41,-0.01,124,228284,卖盘
13:52:03,18.42,0.01,18,33156,买盘
13:52:06,18.42,0.0,44,81047,买盘
13:52:09,18.41,-0.01,50,92050,卖盘
13:52:12,18.41,0.0,10,18410,卖盘
13:52:15,18.42,0.01,33,60783,买盘
13:52:21,18.41,-0.01,4,7364,卖盘
13:52:24,18.41,0.0,12,22092,卖盘
13:52:27,18.41,0.0,22,40504,卖盘
13:52:36,18.42,0.01,35,64449,买盘
13:52:45,18.41,-0.01,251,462091,卖盘
13:53:03,18.41,0.0,52,95721,买盘
13:53:06,18.4,-0.01,25,46013,卖盘
13:53:09,18.4,0.0,11,20250,卖盘
13:53:15,18.4,0.0,8,14720,卖盘
13:53:18,18.41,0.01,44,80998,买盘
13:53:21,18.4,-0.01,62,114084,卖盘
13:53:24,18.41,0.01,131,241101,买盘
13:53:27,18.42,0.01,133,244824,买盘
13:53:30,18.41,-0.01,21,38661,卖盘
13:53:33,18.41,0.0,19,34989,卖盘
13:53:36,18.42,0.01,13,23946,买盘
13:53:39,18.41,-0.01,41,75491,卖盘
13:53:42,18.42,0.01,15,27625,买盘
13:53:45,18.41,-0.01,20,36820,卖盘
13:53:48,18.41,0.0,12,22102,卖盘
13:53:51,18.42,0.01,7,12889,买盘
13:53:54,18.42,0.0,46,84732,买盘
13:53:57,18.42,0.0,10,18420,买盘
13:54:03,18.42,0.0,42,77364,买盘
13:54:06,18.42,0.0,14,25788,买盘
13:54:09,18.42,0.0,34,62628,买盘
13:54:12,18.43,0.01,10,18430,买盘
13:54:15,18.43,0.0,27,49759,买盘
13:54:18,18.42,-0.01,12,22114,卖盘
13:54:21,18.42,0.0,63,116086,卖盘
13:54:24,18.42,0.0,28,51576,卖盘
13:54:27,18.43,0.01,10,18430,买盘
13:54:30,18.43,0.0,27,49761,买盘
13:54:33,18.42,-0.01,90,165780,卖盘
13:54:36,18.43,0.01,13,23959,买盘
13:54:39,18.43,0.0,59,108759,买盘
13:54:42,18.43,0.0,86,158498,卖盘
13:54:48,18.43,0.0,23,42389,买盘
13:54:51,18.43,0.0,3,5529,卖盘
13:54:54,18.44,0.01,10,18440,买盘
13:54:57,18.44,0.0,38,70072,买盘
13:55:00,18.43,-0.01,2,3686,卖盘
13:55:03,18.44,0.01,56,103254,买盘
13:55:06,18.44,0.0,13,23972,买盘
13:55:15,18.43,-0.01,25,46075,卖盘
13:55:18,18.43,0.0,1,1843,卖盘
13:55:21,18.44,0.01,155,285820,买盘
13:55:24,18.44,0.0,100,184434,卖盘
13:55:27,18.44,0.0,174,320834,买盘
13:55:30,18.44,0.0,1,1844,卖盘
13:55:33,18.45,0.01,60,110697,买盘
13:55:36,18.45,0.0,13,23985,买盘
13:55:48,18.45,0.0,69,127305,买盘
13:55:51,18.45,0.0,7,12915,买盘
13:55:54,18.44,-0.01,6,11064,卖盘
13:55:57,18.45,0.01,62,114389,买盘
13:56:00,18.44,-0.01,14,25816,卖盘
13:56:03,18.45,0.01,50,92250,买盘
13:56:06,18.45,0.0,67,123615,买盘
13:56:09,18.44,-0.01,29,53476,卖盘
